
@Article{	  abe2015,
  author	= {Ab{\'{e}}, Christoph and Ekman, Carl-Johan and Sellgren,
		  Carl and Petrovic, Predrag and Ingvar, Martin and
		  Land{\'{e}}n, Mikael},
  journal	= {Journal of Psychiatry {\&} Neuroscience},
  number	= {1},
  title		= {Cortical thickness, volume and surface area in patients
		  with bipolar disorder types {I} and {II}.},
  volume	= {41},
  year		= {2015}
}

@Article{	  acosta2009,
  author	= {O Acosta and P Bourgeat and M A Zuluaga and J Fripp and O
		  Salvado and S Ourselin and {Alzheimer's Disease
		  Neuroimaging Initiative}},
  title		= {Automated voxel-based {3D} cortical thickness measurement
		  in a combined {L}agrangian-{E}ulerian {PDE} approach using
		  partial volume maps},
  journal	= {Medical Image Analysis},
  year		= 2009,
  volume	= 13,
  number	= 5,
  pages		= {730-43}
}

@Article{	  aganj2009,
  author	= {I Aganj and G Sapiro and N Parikshak and S K Madsen and P
		  M Thompson},
  title		= {Measurement of cortical thickness from {MRI} by minimum
		  line integrals on soft-classified tissue},
  journal	= {Human Brain Mapping},
  year		= 2009,
  volume	= 30,
  number	= 10,
  pages		= {3188-99}
}

@Article{	  agresti1998,
  author	= {Agresti, Alan and Coull, Brent A},
  journal	= {American Statistician},
  number	= {2},
  pages		= {119--126},
  title		= {Approximate is better than exact for interval estimation
		  of binomial proportions},
  volume	= {52},
  year		= {1998}
}

@Article{	  allison1999,
  author	= {Allison, D B and Neale, M C and Zannolli, R and Schork, N
		  J and Amos, C I and Blangero, J},
  journal	= {American Journal of Human Genetics},
  mendeley-groups={Genetics},
  number	= {2},
  pages		= {531--44},
  title		= {Testing the robustness of the likelihood-ratio test in a
		  variance-component quantitative-trait loci-mapping
		  procedure.},
  volume	= {65},
  year		= {1999}
}

@Article{	  almasy1998,
  author	= {Almasy, Laura and Blangero, J},
  journal	= {American Journal of Human Genetics},
  number	= {5},
  pages		= {1198--211},
  title		= {Multipoint quantitative-trait linkage analysis in general
		  pedigrees.},
  volume	= {62},
  year		= {1998}
}

@Article{	  altman1983,
  author	= {Altman, DG and Bland, JM},
  journal	= {The statistician},
  number	= {3},
  pages		= {307--317},
  title		= {Measurement in medicine: the analysis of method comparison
		  studies},
  volume	= {32},
  year		= {1983}
}

@Article{	  anderson1952,
  author	= {Anderson, T.W. and Darling, D.A.},
  journal	= {The Annals of Mathematical Statistics},
  number	= {2},
  pages		= {193--212},
  title		= {Asymptotic theory of certain goodness of fit criteria
		  based on stochastic processes},
  volume	= {23},
  year		= {1952}
}

@Article{	  anderson1999,
  author	= {Anderson, M. J. and Legendre, Pierre},
  journal	= {Journal of Statistical Computation and Simulation},
  number	= 3,
  pages		= {271-303},
  title		= {An empirical comparison of permutation methods for tests
		  of partial regression coefficients in a linear model},
  volume	= 62,
  year		= 1999
}

@Article{	  anderson2001,
  author	= {Anderson, Marti J. and Robinson, John},
  journal	= {Australian \& New Zealand Journal of Statistics},
  number	= {1},
  pages		= {75-88},
  title		= {Permutation Tests for Linear Models},
  volume	= 43,
  year		= 2001
}

@Article{	  andrews2000,
  author	= {Andrews, Donald W K and Buchinsky, Moshe},
  journal	= {Econometrica},
  number	= {1},
  pages		= {23--51},
  title		= {A Three-step Method for Choosing the Number of Bootstrap
		  Repetitions},
  volume	= {68},
  year		= {2000}
}

@Article{	  arndt1996,
  author	= {Arndt, S and Cizadlo, T and Andreasen, N C and Heckel, D
		  and Gold, S and O'Leary, D S},
  journal	= {Journal of Cerebral Blood Flow and Metabolism},
  number	= 6,
  pages		= {1271-9},
  title		= {Tests for comparing images based on randomization and
		  permutation methods.},
  volume	= 16,
  year		= 1996
}

@Article{	  ashburner2000,
  author	= {J Ashburner and K J Friston},
  title		= {Voxel-based morphometry - the methods},
  journal	= {NeuroImage},
  year		= 2000,
  volume	= 11,
  pages		= {805-21}
}

@Article{	  ashburner2007,
  author	= {J Ashburner},
  title		= {A fast diffeomorphic image registration algorithm},
  journal	= {NeuroImage},
  year		= 2007,
  volume	= 38,
  number	= 1,
  pages		= {95-113}
}

@Article{	  ashburner2009,
  author	= {Ashburner, John},
  journal	= {Magnetic Resonance Imaging},
  number	= {8},
  pages		= {1163--74},
  title		= {Computational anatomy with the {SPM} software.},
  volume	= {27},
  year		= {2009}
}

@Article{	  augustinack2005,
  author	= {J C Augustinack and A J van der Kouwe and M L Blackwell
		  and D H Salat and C J Wiggins and M P Frosch and C C
		  Wiggins and A Potthast and L L Wald and B R Fischl},
  title		= {Detection of entorhinal layer {II} using 7 {T}esla
		  magnetic resonance imaging},
  journal	= {Annals of Neurology},
  year		= 2005,
  volume	= 57,
  number	= 4,
  pages		= {489-94}
}

@Article{	  auzias2013,
  author	= {Auzias, G and Lefevre, J and {Le Troter}, a and Fischer, C
		  and Perrot, M and Regis, J and Coulon, O},
  journal	= {IEEE Transactions on Medical Imaging},
  number	= {5},
  pages		= {873--87},
  title		= {Model-Driven Harmonic Parameterization of the Cortical
		  Surface: {HIP-HOP}.},
  volume	= {32},
  year		= {2013}
}

@Article{	  balaban1995,
  author	= {Balaban, Ivan J.},
  journal	= {Proceedings of the 11th Annual Symposium on Computational
		  Geometry},
  pages		= {211-219},
  title		= {An optimal algorithm for finding segments intersections},
  year		= 1995
}

@Article{	  barber1996,
  author	= {C B Barber and D P Dobkin and H T Huhdanpaa},
  title		= {The {Q}uickhull algorithm for convex hulls},
  journal	= {{ACM} Transactions on Mathematical Software},
  year		= 1996,
  volume	= 22,
  number	= 4,
  pages		= {469-83}
}

@Article{	  barch2013,
  author	= {Barch, Deanna M and Burgess, Gregory C and Harms, Michael
		  P and Petersen, Steven E and Schlaggar, Bradley L and
		  Corbetta, Maurizio and Glasser, Matthew F and Curtiss,
		  Sandra and Dixit, Sachin and Feldt, Cindy and Nolan, Dan
		  and Bryant, Edward and Hartley, Tucker and Footer, Owen and
		  Bjork, James M and Poldrack, Russ and Smith, Steve and
		  Johansen-Berg, Heidi and Snyder, Abraham Z and {Van Essen},
		  David C},
  journal	= {NeuroImage},
  pages		= {169--89},
  title		= {Function in the human connectome: task-{fMRI} and
		  individual differences in behavior.},
  volume	= {80},
  year		= {2013}
}

@Article{	  barton2013,
  author	= {Barton, Robert A and Venditti, Chris},
  journal	= {Proceedings of the National Academy of Sciences of the United States of America},
  number	= {22},
  pages		= {9001--6},
  title		= {Human frontal lobes are not relatively large.},
  volume	= {110},
  year		= {2013}
}

@Article{	  basu1980,
  author	= {Basu, D.},
  journal	= {Journal of the American Statistical Association},
  number	= {371},
  pages		= {575--582},
  title		= {Randomization analysis of experimental data: the {F}isher
		  randomization test},
  volume	= {75},
  year		= {1980}
}

@TechReport{	  beckmann2001,
  address	= {Oxford},
  author	= {Beckmann, Christian F and Jenkinson, Mark and Smith,
		  Stephen M},
  institution	= {University of Oxford},
  pages		= {1--19},
  title		= {General Multi-Level Linear Modelling for Group Analysis in
		  {FMRI}},
  year		= {2001}
}

@Article{	  beckmann2009a,
  author	= {Beckmann, Matthias and Johansen-Berg, Heidi and Rushworth,
		  Matthew F S},
  journal	= {Journal of Neuroscience},
  number	= 4,
  pages		= {1175-90},
  title		= {Connectivity-based parcellation of human cingulate cortex
		  and its relation to functional specialization.},
  volume	= 29,
  year		= 2009
}

@Article{	  belmonte2001,
  author	= {Belmonte, M and Yurgelun-Todd, D},
  journal	= {IEEE Transactions on Medical Imaging},
  number	= 3,
  pages		= {243--8},
  title		= {Permutation testing made practical for functional magnetic
		  resonance image analysis.},
  volume	= 20,
  year		= 2001
}

@Article{	  benjamini1995,
  author	= {Benjamini, Y. and Hochberg, Y.},
  journal	= {Journal of the Royal Statistical Society. Series B
		  (Methodological)},
  number	= {1},
  pages		= {289--300},
  title		= {Controlling the false discovery rate: a practical and
		  powerful approach to multiple testing},
  volume	= {57},
  year		= {1995}
}

@Article{	  bentley1979,
  author	= {J L Bentley and T A Ottmann},
  title		= {Algorithms for Reporting and Counting Geometric
		  Intersections},
  journal	= {{IEEE} Transactions on Computers},
  year		= 1979,
  volume	= {C-28},
  number	= 9,
  pages		= {643-7}
}

@Article{	  berry2011,
  author	= {Berry, Kenneth J. and Johnston, Janis E. and Mielke, Paul
		  W.},
  journal	= {Wiley Interdisciplinary Reviews: Computational
		  Statistics},
  number	= {6},
  pages		= {527--542},
  title		= {Permutation methods},
  volume	= {3},
  year		= {2011}
}

@Book{		  berry2014,
  author	= {Kenneth J. Berry and Janis E. Johnston and and Paul W.
		  Mielke Jr.},
  title		= {A Chronicle of Permutation Statistical Methods:
		  1920--2000, and Beyond},
  address	= {Heidelberg},
  publisher	= {Springer},
  year		= 2014
}

@Article{	  besag1991,
  author	= {Besag, Julian and Clifford, Peter},
  journal	= {Biometrika},
  number	= {2},
  pages		= {301--304},
  title		= {{Sequential Monte Carlo p-values}},
  volume	= {78},
  year		= {1991}
}

@Article{	  bilguvar2010,
  author	= {K Bilg\"{u}var and A K Ozt\"{u}rk and A Louvi and K Y Kwan
		  and M Choi and B Tatli and D Yalnizo\v{g}lu and B
		  T\"{u}ys\"{u}z and A O Ca\v{g}layan and S G\"{o}kben and H
		  Kaymak\'{c}alan and T Barak and M Bakircio\v{g}lu and K
		  Yasuno and W Ho and S Sanders and Y Zhu and S Yilmaz and A
		  Din\c{c}er and M H Johnson and R A Bronen and N Ko\c{c}er
		  and H Per and S Mane and M N Pamir and C Yal\c{c}inkaya and
		  S Kumanda\,{s} and M Top\c{c}u and M Ozmen and N Sestan and
		  R P Lifton and M W State and M G\"{u}nel},
  title		= {Whole-exome sequencing identifies recessive {WDR62}
		  mutations in severe brain malformations},
  journal	= {Nature},
  year		= 2010,
  volume	= 467,
  number	= 7312,
  pages		= {207-10}
}

@Article{	  bjuland2013,
  author	= {Bjuland, Knut J{\o}rgen and L{\o}haugen, Gro Christine
		  Christensen and Martinussen, Marit and Skranes, Jon},
  journal	= {Early Human Development},
  number	= {6},
  pages		= {371--380},
  title		= {Cortical thickness and cognition in very-low-birth-weight
		  late teenagers},
  volume	= {89},
  year		= {2013}
}

@Article{	  blair1994,
  author	= {Blair, R Clifford and Higgins, James J and Karniski, Walt
		  and Kromrey, Jeffrey D},
  journal	= {Multivariate Behavioral Research},
  number	= 2,
  pages		= {141--163},
  title		= {A Study of Multivariate Permutation Tests Which May
		  Replace {H}otelling's {T}$^2$ Test in Prescribed
		  Circumstances},
  volume	= 29,
  year		= 1994
}

@InCollection{	  blair1994_thatcher,
  address	= {San Diego},
  author	= {Blair, R Clifford and Karniski, Walt},
  booktitle	= {Functional Neuroimaging: Technical Foundations},
  editor	= {Robert W. Thatcher and M. Hallett and T. Zeffiro and E.
		  Roy John and Michael Huerta},
  pages		= {19--28},
  publisher	= {Academic Press},
  title		= {Distribution-free statistical analyses of surface and
		  volumetric maps.},
  year		= {1994}
}

@Article{	  bland1986,
  author	= {Bland, J Martin and Altman, D G},
  journal	= {Lancet},
  number	= {8476},
  pages		= {307--10},
  title		= {Statistical methods for assessing agreement between two
		  methods of clinical measurement.},
  volume	= {327},
  year		= {1986}
}

@Article{	  bolzenius2015,
  author	= {Bolzenius, Jacob D. and Laidlaw, David H. and Cabeen, Ryan
		  P. and Conturo, Thomas E. and McMichael, Amanda R. and
		  Lane, Elizabeth M. and Heaps, Jodi M. and Salminen, Lauren
		  E. and Baker, Laurie M. and Scott, Staci E. and Cooley,
		  Sarah a. and Gunstad, John and Paul, Robert H.},
  journal	= {Behavioural Brain Research},
  pages		= {342--347},
  title		= {Brain structure and cognitive correlates of body mass
		  index in healthy older adults},
  volume	= {278},
  year		= {2015}
}

@Article{	  bond2014,
  author	= {Bond, David J and Ha, Tae Hyon and Lang, Donna J and Su,
		  Wayne and Torres, Ivan J and Honer, William G and Lam,
		  Raymond W and Yatham, Lakshmi N},
  journal	= {Biological Psychiatry},
  number	= {2},
  pages		= {138--45},
  title		= {Body mass index-related regional gray and white matter
		  volume reductions in first-episode mania patients.},
  volume	= {76},
  year		= {2014}
}

@Article{	  box1955,
  author	= {Box, G E P and Andersen, S L},
  journal	= {Journal of the Royal Statistical Society. Series B},
  number	= 1,
  title		= {Permutation theory in the derivation of robust criteria
		  and the study of departures from assumption},
  volume	= 17,
  pages		= {1--34},
  year		= 1955
}

@Article{	  box1962,
  author	= {Box, G. E. P. and Watson, G. S.},
  journal	= {Biometrika},
  number	= {1-2},
  pages		= {93--106},
  title		= {Robustness to non-normality of regression tests},
  volume	= {49},
  year		= {1962}
}

@Article{	  box1964,
  author	= {Box, G.E.P. and Cox, D.R.},
  journal	= {Journal of the Royal Statistical Society. Series B},
  number	= {2},
  pages		= {211-252},
  title		= {An analysis of transformations},
  volume	= 26,
  year		= 1964
}

@Article{	  boyd2010,
  author	= {Boyd, Stephen and Parikh, Neal and Chu, Eric and Peleato,
		  Borja and Eckstein, Jonathan},
  journal	= {Foundations and Trends in Machine Learning},
  number	= {1},
  pages		= {1--122},
  title		= {Distributed Optimization and Statistical Learning via the
		  Alternating Direction Method of Multipliers},
  volume	= {3},
  year		= {2010}
}

@Book{		  bradley1968,
  author	= {J V Bradley},
  title		= {Distribution-Free Statistical Stests},
  address	= {Eaglewood Cliffs, NJ, USA},
  publisher	= {Prentice Hall},
  year		= 1968,
  edition   = 2
}

@Article{	  brammer1997,
  author	= {Brammer, M J and Bullmore, E T and Simmons, A and
		  Williams, S C and Grasby, P M and Howard, R J and Woodruff,
		  P W and Rabe-Hesketh, S},
  journal	= {Magnetic Resonance Imaging},
  number	= 7,
  pages		= {763-70},
  title		= {Generic brain activation mapping in functional magnetic
		  resonance imaging: a nonparametric approach.},
  volume	= 15,
  year		= 1997
}

@Article{	  breakspear2004,
  author	= {Breakspear, Michael and Brammer, Michael J and Bullmore,
		  Ed T and Das, Pritha and Williams, Leanne M},
  journal	= {Human Brain Mapping},
  number	= {1},
  pages		= {1--25},
  title		= {Spatiotemporal wavelet resampling for functional
		  neuroimaging data.},
  volume	= {23},
  year		= {2004}
}

@Article{	  bridge2006,
  author	= {H Bridge and S Clare},
  title		= {High-resolution {MRI}: in vivo histology?},
  journal	= {Philosophical Transactions of the Royal Society B:
		  Biological Sciences},
  year		= 2006,
  volume	= 361,
  number	= 1465,
  pages		= {137-46}
}

@TechReport{	  bro2007,
  address	= {Albuquerque, NM},
  author	= {Bro, Rasmus and Acar, Evrim and Kolda, Tamara},
  institution	= {Sandia National Laboratories},
  number	= {2007-6422},
  pages		= {1--18},
  title		= {Resolving the Sign Ambiguity in the Singular Value
		  Decomposition},
  year		= {2007}
}

@Book{		  brodmann1909,
  author	= {K Brodmann},
  title		= {Vergleichende Lokalisationslehre der Gro\ss{}hirnrinde in
		  ihren Prinzipien dargestellt auf Grund des Zellenbaues},
  address	= {Leipzig},
  publisher	= {Barth},
  year		= 1909,
  note		= {Translated to English and edited by Laurence J.\ Garey,
		  published by Springer, 2006}
}

@Article{	  brown2001,
  author	= {Brown, Lawrence D. and Cai, T. Tony and DasGupta,
		  Anirban},
  journal	= {Statistical Science},
  number	= {2},
  pages		= {101--133},
  title		= {Interval Estimation for a Binomial Proportion},
  volume	= {16},
  year		= {2001}
}

@Article{	  bullmore1996,
  author	= {Bullmore, E and Brammer, M and Williams, S C and
		  Rabe-Hesketh, S and Janot, N and David, A and Mellers, J
		  and Howard, R and Sham, P},
  journal	= {Magnetic Resonance in Medicine},
  number	= 2,
  pages		= {261-77},
  title		= {Statistical methods of estimation and inference for
		  functional {MR} image analysis.},
  volume	= 35,
  year		= 1996
}

@Article{	  bullmore1999,
  author	= {Bullmore, E T and Suckling, J and Overmeyer, S and
		  Rabe-Hesketh, S and Taylor, E and Brammer, M J},
  journal	= {IEEE Transactions on Medical Imaging},
  number	= {1},
  pages		= {32--42},
  title		= {Global, voxel, and cluster tests, by theory and
		  permutation, for a difference between two groups of
		  structural {MR} images of the brain.},
  volume	= {18},
  year		= {1999}
}

@Article{	  bullmore2001,
  author	= {Bullmore, E and Long, C and Suckling, J and Fadili, J and
		  Calvert, G and Zelaya, F and Carpenter, T A and Brammer,
		  M},
  journal	= {Human Brain Mapping},
  number	= 2,
  pages		= {61-78},
  title		= {Colored noise and computational inference in
		  neurophysiological ({fMRI}) time series analysis:
		  resampling methods in time and wavelet domains.},
  volume	= 12,
  year		= 2001
}

@Article{	  butts2009,
  author	= {Butts, Carter T},
  journal	= {Science},
  number	= 5939,
  pages		= {414-6},
  title		= {Revisiting the foundations of network analysis.},
  volume	= 325,
  year		= 2009
}

@Article{	  buxhoeveden2002,
  author	= {D P Buxhoeveden and M F Casanova},
  title		= {The minicolumn hypothesis in neuroscience},
  journal	= {Brain},
  year		= 2002,
  volume	= 125,
  number	= 5,
  pages		= {935-51}
}

@Article{	  candes2009,
  author	= {Cand\`{e}s, Emmanuel J. and Recht, Benjamin},
  journal	= {Foundations of Computational Mathematics},
  number	= {6},
  pages		= {717--772},
  title		= {Exact matrix completion via convex optimization},
  volume	= {9},
  year		= {2009}
}

@Article{	  candes2010,
  author	= {Cand\`{e}s, EJ and Tao, Terence},
  journal	= {IEEE Transactions on Information Theory},
  number	= {5},
  pages		= {2053--2080},
  title		= {The power of convex relaxation: Near-optimal matrix
		  completion},
  volume	= {56},
  year		= {2010}
}

@article{Carp2012,
author = {Carp, Joshua},
journal = {NeuroImage},
number = {1},
pages = {289--300},
title = {The secret lives of experiments: Methods reporting in the {fMRI} literature},
volume = {63},
year = {2012}}

@article{Eicken2013,
author = {Eicken, Hajo},
journal = {Nature},
pages = {433--434},
title = {Six red flags for suspect work},
volume = {497},
year = {2013}}

@article{Begley2015,
author = {Begley, C. Glenn and Ioannidis, John P A},
journal = {Circulation Research},
number = {1},
pages = {116--126},
title = {Reproducibility in science: Improving the standard for basic and preclinical research},
volume = {116},
year = {2015}}

@article{Ioannidis2011,
author = {Ioannidis, John P. A. and Tarone, Robert and McLaughlin, Joseph K},
journal = {Epidemiology},
number = {4},
pages = {450--6},
title = {The false-positive to false-negative ratio in epidemiologic studies.},
volume = {22},
year = {2011}}

@article{Baker2016,
author = {Baker, Monya},
journal = {Nature},
number = {7604},
pages = {452--454},
title = {1,500 scientists lift the lid on reproducibility},
volume = {533},
year = {2016}}

@article{Gorgolewski2016,
author = {Gorgolewski, Krzysztof J. and Poldrack, Russell A.},
journal = {PLoS Biology},
number = {7},
pages = {1--13},
title = {A Practical Guide for Improving Transparency and Reproducibility in Neuroimaging Research},
volume = {14},
year = {2016}}


@Article{	  ceccarelli2008,
  author	= {Ceccarelli, Antonia and Rocca, Maria A. and Pagani,
		  Elisabetta and Colombo, Bruno and Martinelli, Vittorio and
		  Comi, Giancarlo and Filippi, Massimo},
  journal	= {NeuroImage},
  number	= {1},
  pages		= {315--322},
  title		= {A voxel-based morphometry study of grey matter loss in
		  {MS} patients with different clinical phenotypes},
  volume	= {42},
  year		= {2008}
}

@Article{	  chazelle1992,
  author	= {Chazelle, B. and Edelsbrunner, H.},
  journal	= {Journal of the ACM},
  number	= 1,
  pages		= {1-54},
  title		= {An optimal algorithm for intersecting line segments in the
		  plane},
  volume	= 39,
  year		= 1992
}

@Article{	  chazelle1994,
  author	= {Bernard Chazelle and Herbert Edelsbrunner and Leonidas J
		  Guibas and Micha Sharir},
  title		= {Algorithms for bichromatic line-segment problems and
		  polyhedral terrains},
  journal	= {Algorithmica},
  year		= 1994,
  volume	= 11,
  number	= 2,
  pages		= {116-32}
}

@Article{	  chen2011,
  author	= {Chen, Chi-Hua and Panizzon, Matthew S. and Eyler, Lisa T.
		  and Jernigan, Terry L. and Thompson, Wes and
		  Fennema-Notestine, Christine and Jak, Amy J. and Neale,
		  Michael C. and Franz, Carol E. and Hamza, Samar and Lyons,
		  Michael J. and Grant, Michael D. and Fischl, Bruce and
		  Seidman, Larry J. and Tsuang, Ming T. and Kremen, William
		  S. and Dale, Anders M.},
  journal	= {Neuron},
  number	= 4,
  pages		= {537-544},
  title		= {Genetic Influences on Cortical Regionalization in the
		  Human Brain},
  volume	= 72,
  year		= 2011
}

@Article{	  chen2012,
  author	= {Chen, Chi-Hua and Gutierrez, E. D. and Thompson, Wes and
		  Panizzon, Matthew S. and Jernigan, Terry L. and Eyler, Lisa
		  T. and Fennema-Notestine, Christine and Jak, Amy J. and
		  Neale, Michael C. and Franz, Carol E. and Lyons, Michael J.
		  and Grant, Michael D. and Fischl, Bruce and Seidman, Larry
		  J. and Tsuang, Ming T. and Kremen, William S. and Dale,
		  Anders M.},
  journal	= {Science},
  number	= {6076},
  pages		= {1634--6},
  title		= {Hierarchical genetic organization of human cortical
		  surface area.},
  volume	= {335},
  year		= {2012}
}

@Article{	  chen2015,
  author	= {Chen, Chi-Hua and Peng, Qian and Schork, Andrew J and Lo,
		  Min-Tzu and Fan, Chun-Chieh and Wang, Yunpeng and Desikan,
		  Rahul S and Bettella, Francesco and Hagler, Donald J and
		  Westlye, Lars T and Kremen, William S and Jernigan, Terry L
		  and {Le Hellard}, Stephanie and Steen, Vidar M and
		  Espeseth, Thomas and Huentelman, Matt and H{\aa}berg, Asta
		  K and Agartz, Ingrid and Djurovic, Srdjan and Andreassen,
		  Ole A and Schork, Nicholas and Dale, Anders M},
  journal	= {Nature Communications},
  number	= {May},
  pages		= {7549},
  title		= {Large-scale genomics unveil polygenic architecture of
		  human cortical surface area.},
  volume	= {6},
  year		= {2015}
}

@Article{	  chenn2002,
  author	= {A Chenn and C A Walsh},
  title		= {Regulation of cerebral cortical size by control of cell
		  cycle exit in neural precursors},
  journal	= {Science},
  year		= 2002,
  volume	= 297,
  number	= 5580,
  pages		= {365-9}
}

@Article{	  choulakian2001,
  author	= {Choulakian, V. and Stephens, M. A.},
  journal	= {Technometrics},
  number	= {4},
  pages		= {478--484},
  title		= {Goodness-of-Fit Tests for the Generalized {P}areto
		  Distribution},
  volume	= {43},
  year		= {2001}
}

@Article{	  christensen1996,
  author	= {G E Christensen and R D Rabbitt and M I Miller},
  title		= {Deformable templates using large deformation kinematics},
  journal	= {IEEE Transactions on Image Processing},
  year		= 1996,
  volume	= 5,
  number	= 10,
  pages		= {1435-47}
}

@Book{		  christensen2002,
  author	= {R Christensen},
  title		= {Plane answers to complex questions: {T}he theory of linear
		  models},
  address	= {New York},
  publisher	= {Springer},
  year		= 2002
}

@Article{	  clark2011,
  author	= {Clark, Christopher M and Schneider, Julie A and Bedell,
		  Barry J and Beach, Thomas G and Bilker, Warren B and
		  Mintun, Mark A and Pontecorvo, Michael J and Hefti, Franz
		  and Carpenter, Alan P and Flitter, Matthew L and
		  Krautkramer, Michael J and Kung, Hank F and Coleman, R
		  Edward and Doraiswamy, P Murali and Fleisher, Adam S and
		  Sabbagh, Marwan N and Sadowsky, Carl H and Reiman, Eric P
		  and Reiman, P Eric M and Zehntner, Simone P and Skovronsky,
		  Daniel M},
  title		= {Use of florbetapir-{PET} for imaging beta-amyloid
		  pathology.},
  journal	= {Journal of the American Medical Association},
  year		= {2011},
  volume	= {305},
  number	= {3},
  pages		= {275-83}
}

@Article{	  clopper1934,
  author	= {Clopper, C J and Pearson, E. S.},
  journal	= {Biometrika},
  number	= {4},
  pages		= {404--413},
  title		= {The use of confidence or fiducial limits illustrated in
		  the case of the binomial},
  volume	= {26},
  year		= {1934}
}

@Article{	  clowry2010,
  author	= {G Clowry and Z Moln\'{a}r and P Rakic},
  title		= {Renewed focus on the developing human neocortex},
  journal	= {Journal of Anatomy},
  year		= 2010,
  volume	= 217,
  number	= 4,
  pages		= {276-88}
}

@Article{	  commenges2003,
  author	= {Commenges, Daniel},
  journal	= {Journal of Nonparametric Statistics},
  number	= 2,
  pages		= {171-185},
  title		= {Transformations which preserve exchangeability and
		  application to permutation tests},
  volume	= 15,
  year		= 2003
}

@Article{	  curran2013,
  author	= {Curran, Joanne E and McKay, D Reese and Winkler, Anderson
		  M and Olvera, Rene L and Carless, Melanie a and Dyer,
		  Thomas D and {Kent Jr}, Jack W and Kochunov, Peter and
		  Sprooten, Emma and Knowles, Emma E and Comuzzie, Anthony G
		  and Fox, Peter T and Almasy, Laura and Duggirala,
		  Ravindranath and Blangero, John and Glahn, David C},
  journal	= {Human Heredity},
  number	= {2-4},
  pages		= {136--143},
  title		= {Identification of Pleiotropic Genetic Effects on Obesity
		  and Brain Anatomy.},
  volume	= {75},
  year		= {2013}
}

@Article{	  dacosta2011,
  author	= {{Da Costa}, S. and van der Zwaag, W. and Marques, J. P.
		  and Frackowiak, R. S. J. and Clarke, S. and Saenz, M.},
  journal	= {Journal of Neuroscience},
  number	= 40,
  pages		= {14067-14075},
  title		= {Human Primary Auditory Cortex Follows the Shape of
		  Heschl's Gyrus},
  volume	= 31,
  year		= 2011
}

@Article{	  dale1993,
  author	= {A M Dale and M I Sereno},
  title		= {Improved localization of cortical activity by combining
		  {EEG} and {MEG} with {MRI} cortical surface
		  reconstruction},
  journal	= {Journal of Cognitive Neuroscience},
  year		= 1993,
  volume	= 5,
  number	= 2,
  pages		= {162-176}
}

@Article{	  dale1999,
  author	= {A M Dale and B Fischl and M I Sereno},
  title		= {Cortical surface-based analysis {I}: Segmentation and
		  surface reconstruction},
  journal	= {NeuroImage},
  year		= 1999,
  volume	= 9,
  issue		= 2,
  pages		= {179-94}
}

@Article{	  davidson2000,
  author	= {Davidson, Russell and MacKinnon, James G.},
  journal	= {Econometric Reviews},
  number	= {1},
  pages		= {55--68},
  title		= {Bootstrap tests: how many bootstraps?},
  volume	= {19},
  year		= {2000}
}

@Article{	  davison2015,
  author	= {Davison, A.C. and Huser, R.},
  journal	= {Annual Review of Statistics and Its Application},
  number	= {1},
  pages		= {203--235},
  title		= {Statistics of Extremes},
  volume	= {2},
  year		= {2015}
}

@Article{	  deboor1962,
  author	= {C {De Boor}},
  title		= {Bicubic spline interpolation},
  journal	= {Journal of Mathematics and Physics},
  year		= 1962,
  volume	= 41,
  number	= 3,
  pages		= {212-218}
}

@Article{	  dekker2007,
  author	= {Dekker, David and Krackhardt, David and Snijders, Tom A
		  B},
  journal	= {Psychometrika},
  month		= {dec},
  number	= {4},
  pages		= {563--581},
  title		= {Sensitivity of {MRQAP} Tests to Collinearity and
		  Autocorrelation Conditions.},
  volume	= {72},
  year		= {2007}
}

@Article{	  desikan2006,
  author	= {R S Desikan and F S\'{e}gonne and B Fischl and B T Quinn
		  and B C Dickerson and D Blacker and R L Buckner and A M
		  Dale and R P Maguire and B T Hyman and M S Albert and R J
		  Killiany},
  title		= {An automated labeling system for subdividing the human
		  cerebral cortex on MRI scans into gyral based regions of
		  interest},
  journal	= {NeuroImage},
  year		= 2006,
  volume	= 31,
  issue		= 3,
  pages		= {968-80}
}

@Article{	  dickerson2009,
  author	= {B C Dickerson and E Feczko and J C Augustinack and J
		  Pacheco and J C Morris and B Fischl and R L Buckner},
  title		= {Differential effects of aging and {A}lzheimer's disease on
		  medial temporal lobe cortical thickness and surface area},
  journal	= {Neurobiology of Aging},
  year		= 2009,
  volume	= 30,
  number	= 3,
  pages		= {432-40}
}

@Article{	  douaud2007,
  author	= {Douaud, G. and Smith, S. and Jenkinson, M. and Behrens, T.
		  and Johansen-Berg, H. and Vickers, J. and James, S. and
		  Voets, N. and Watkins, K. and Matthews, P. M. and James,
		  A.},
  journal	= {Brain},
  number	= {9},
  pages		= {2375--2386},
  title		= {Anatomically related grey and white matter abnormalities
		  in adolescent-onset schizophrenia},
  volume	= {130},
  year		= {2007}
}

@Article{	  draper1966,
  author	= {Draper, N R and Stoneman, David M},
  journal	= {Technometrics},
  number	= 4,
  pages		= {695-699},
  title		= {Testing for the inclusion of variables in linear
		  regression by a randomisation technique},
  volume	= 8,
  year		= 1966
}

@Article{	  drury1996,
  author	= {Drury, H A and {Van Essen}, D C and Anderson, C H and Lee,
		  C W and Coogan, T A and Lewis, J W},
  journal	= {Journal of Cognitive Neuroscience},
  number	= 1,
  pages		= {1-28},
  title		= {Computerized mappings of the cerebral cortex: a
		  multiresolution flattening method and a surface-based
		  coordinate system.},
  volume	= 8,
  year		= 1996
}

@Article{	  durazzo2011,
  author	= {T C Durazzo and D Tosun and S Buckley and S Gazdzinski and
		  A Mon and S L Fryer and D J Meyerhoff},
  title		= {Cortical thickness, surface area, and volume of the brain
		  reward system in alcohol dependence: relationships to
		  relapse and extended abstinence},
  journal	= {Alcoholism: Clinical \& Experimental Research},
  year		= {2011},
  volume	= 35,
  number	= 6,
  pages		= {1-14}
}

@Article{	  duyn2007,
  author	= {J H Duyn and P van Gelderen and T Q Li and J A de Zwart
		  and A P Koretsky and M Fukunaga},
  title		= {High-field {MRI} of brain cortical substructure based on
		  signal phase},
  journal	= {Proceedings of the National Academy of Sciences of U. S.
		  A.},
  year		= 2007,
  volume	= 104,
  number	= 28,
  pages		= {11796-801}
}

@Book{		  eaton2015,
  author	= {John W. Eaton and David Bateman and S\oren Hauberg and Rik
		  Wehbring},
  title		= {{GNU Octave}: A high-level interactive language for
		  numerical computations},
  publisher	= {Samurai Media Ltd.},
  address	= {Hong Kong, PRC},
  year		= {2015},
  url		= {http://www.gnu.org/software/octave}
}

@Article{	  ecker2013,
  author	= {Ecker, Christine and Ginestet, Cedric and Feng, Yue and
		  Johnston, Patrick and Lombardo, Michael V and Lai,
		  Meng-Chuan and Suckling, John and Palaniyappan, Lena and
		  Daly, Eileen and Murphy, Clodagh M and Williams, Steven C
		  and Bullmore, Edward T and Baron-Cohen, Simon and Brammer,
		  Michael and Murphy, Declan G M},
  journal	= {JAMA psychiatry},
  number	= {1},
  pages		= {59--70},
  title		= {Brain surface anatomy in adults with autism: the
		  relationship between surface area, cortical thickness, and
		  autistic symptoms.},
  volume	= {70},
  year		= {2013}
}

@Article{	  ecker2016,
  author	= {Ecker, C. and Andrews, D. and Dell'Acqua, F. and Daly, E.
		  and Murphy, C and Catani, M. and {Thiebaut de Schotten}, M.
		  and Baron-Cohen, S. and Lai, M C and Lombardo, M V and
		  Bullmore, E T and Suckling, J. and Williams, S. and Jones,
		  D K and Chiocchetti, A and {MRC AIMS Consortium} and
		  Murphy, D G M},
  journal	= {Cerebral Cortex},
  number	= {7},
  pages		= {3297--309},
  title		= {Relationship Between Cortical Gyrification, White Matter
		  Connectivity, and Autism Spectrum Disorder.},
  volume	= {26},
  year		= {2016}
}

@Book{		  edgington1995,
  author	= {E S Edgington},
  title		= {Randomization Tests},
  address	= {New York},
  publisher	= {Marcel Dekker},
  year		= 1995
}

@Article{	  efron1979,
  author	= {Efron, B},
  journal	= {{SIAM} Review},
  number	= 4,
  pages		= {460-480},
  title		= {Computers and the theory of statistics: thinking the
		  unthinkable},
  volume	= 21,
  year		= 1979
}

@Article{	  egjones2000,
  author	= {E G Jones},
  title		= {Microcolumns in the cerebral cortex},
  journal	= {Proceedings of the National Academy of Sciences of U. S.
		  A.},
  year		= 2000,
  volume	= 97,
  number	= 10,
  pages		= {5019-21}
}

@Article{	  eikenes2011,
  author	= {Eikenes, Live and L{\o}haugen, Gro C. and Brubakk, Ann
		  Mari and Skranes, Jon and H{\aa}berg, Asta K.},
  journal	= {NeuroImage},
  number	= {3},
  pages		= {1774--1785},
  title		= {Young adults born preterm with very low birth weight
		  demonstrate widespread white matter alterations on brain
		  {DTI}},
  volume	= {54},
  year		= {2011}
}

@Article{	  eklund2012,
  author	= {Eklund, Anders and Andersson, Mats and Knutsson, Hans},
  journal	= {Computer Methods and Programs in Biomedicine},
  number	= {2},
  pages		= {145--61},
  title		= {{fMRI} analysis on the {GPU}-possibilities and
		  challenges.},
  volume	= {105},
  year		= {2012}
}

@Article{	  eklund2013,
  author	= {Eklund, Anders and Dufort, Paul and Forsberg, Daniel and
		  LaConte, Stephen M.},
  journal	= {Medical Image Analysis},
  number	= {8},
  pages		= {1073--1094},
  title		= {Medical image processing on the {GPU}: {P}ast, present and
		  future},
  volume	= {17},
  year		= {2013}
}

@Article{	  eklund2016,
  author	= {Eklund, Anders and Nichols, Thomas E. and Knutsson, Hans},
  journal	= {Proceedings of the National Academy of Sciences of the
		  United States of America},
  number	= {28},
  pages		= {7900--5},
  title		= {Cluster failure: Why {fMRI} inferences for spatial extent
		  have inflated false-positive rates.},
  volume	= {113},
  year		= {2016}
}

@Article{	  escoufier1973,
  author	= {Escoufier, Yves},
  journal	= {Biometrics},
  number	= {4},
  pages		= {751--760},
  title		= {Le Traitement des Variables Vectorielles},
  volume	= {29},
  year		= {1973}
}

@Article{	  eyler2011,
  author	= {Eyler, Lisa T and Prom-Wormley, Elizabeth and Panizzon,
		  Matthew S and Kaup, Allison R and Fennema-Notestine,
		  Christine and Neale, Michael C and Jernigan, Terry L and
		  Fischl, Bruce and Franz, Carol E and Lyons, Michael J and
		  Grant, Michael and Stevens, Allison and Pacheco, Jennifer
		  and Perry, Michele E and Schmitt, J Eric and Seidman, Larry
		  J and Thermenos, Heidi W and Tsuang, Ming T and Chen,
		  Chi-Hua and Thompson, Wesley K and Jak, Amy and Dale,
		  Anders M and Kremen, William S},
  journal	= {Cerebral Cortex},
  number	= {10},
  pages		= {2313--21},
  title		= {Genetic and environmental contributions to regional
		  cortical surface area in humans: a magnetic resonance
		  imaging twin study.},
  volume	= {21},
  year		= {2011}
}

@Article{	  eyler2012,
  author	= {Eyler, Lisa T. and Chen, Chi-Hua and Panizzon, Matthew S.
		  and Fennema-Notestine, Christine and Neale, Michael C. and
		  Jak, Amy and Jernigan, Terry L. and Fischl, Bruce and
		  Franz, Carol E. and Lyons, Michael J. and Grant, Michael
		  and Prom-Wormley, Elizabeth and Seidman, Larry J. and
		  Tsuang, Ming T. and Fiecas, Mark Joseph A. and Dale, Anders
		  M. and Kremen, William S.},
  journal	= {Twin Research and Human Genetics},
  number	= {03},
  pages		= {304--314},
  title		= {A Comparison of Heritability Maps of Cortical Surface Area
		  and Thickness and the Influence of Adjustment for Whole
		  Brain Measures: A Magnetic Resonance Imaging Twin Study},
  volume	= {15},
  year		= {2012}
}

@Article{	  farooqi2005,
  author	= {Farooqi, I S and O'Rahilly, S},
  journal	= {International Journal of Obesity},
  number	= {10},
  pages		= {1149--52},
  title		= {New advances in the genetics of early onset obesity.},
  volume	= {29},
  year		= {2005}
}

@Article{	  fay2002,
  author	= {Fay, Michael P and Follmann, Dean A},
  journal	= {The American Statistician},
  number	= {1},
  pages		= {63--70},
  title		= {Designing {M}onte {C}arlo Implementations of Permutation
		  or Bootstrap Hypothesis Tests},
  volume	= {56},
  year		= {2002}
}

@Article{	  fay2007,
  author	= {Fay, Michael P and Kim, Hyune-Ju and Hachey, Mark},
  journal	= {Journal of Computational and Graphical Statistics},
  number	= {4},
  pages		= {946--967},
  title		= {On Using Truncated Sequential Probability Ratio Test
		  Boundaries for {M}onte {C}arlo Implementation of Hypothesis
		  Tests},
  volume	= {16},
  year		= {2007}
}

@Article{	  fischl1999,
  author	= {B Fischl and M I Sereno and A M Dale},
  title		= {Cortical surface-based analysis {II}: Inflation,
		  flattening, and a surface-based coordinate system},
  journal	= {NeuroImage},
  year		= 1999,
  volume	= 9,
  issue		= 2,
  pages		= {195-207}
}

@Article{	  fischl1999_cortical,
  author	= {B Fischl and M I Sereno and A M Dale},
  title		= {Cortical surface-based analysis {II}: Inflation,
		  flattening, and a surface-based coordinate system},
  journal	= {NeuroImage},
  year		= 1999,
  volume	= 9,
  number	= 2,
  pages		= {195-207}
}

@Article{	  fischl1999_intersubject,
  author	= {B Fischl and M I Sereno and R B Tootell and A M Dale},
  title		= {High-resolution intersubject averaging and a coordinate
		  system for the cortical surface},
  journal	= {Human Brain Mapping},
  year		= 1999,
  volume	= 8,
  number	= 4,
  pages		= {272-84}
}

@Article{	  fischl2000,
  author	= {B Fischl and A M Dale},
  title		= {Measuring the thickness of the human cerebral cortex from
		  magnetic resonance images},
  journal	= {Proceedings of the National Academy of Sciences of the United States of America},
  year		= 2000,
  volume	= 97,
  issue		= 20,
  pages		= {11050-5}
}

@Article{	  fischl2001,
  author	= {B Fischl and A Liu and A M Dale},
  title		= {Automated manifold surgery: constructing geometrically
		  accurate and topologically correct models of the human
		  cerebral cortex},
  journal	= {IEEE Transactions on Medical Imaging},
  year		= 2001,
  volume	= 20,
  number	= 1,
  pages		= {70-80}
}

@Article{	  fischl2008,
  author	= {B Fischl and N Rajendran and E Busa and J Augustinack and
		  O Hinds and B T Yeo and H Mohlberg and K Amunts and K
		  Zilles},
  title		= {Cortical folding patterns and predicting
		  cytoarchitecture},
  journal	= {Cerebral Cortex},
  year		= 2008,
  volume	= 18,
  number	= 8,
  pages		= {1973-80}
}

@Article{	  fischl2009,
  author	= {B Fischl and A A Stevens and N Rajendran and B T Yeo and D
		  N Greve and K Van Leemput and J R Polimeni and S Kakunoori
		  and R L Buckner and J Pacheco and D H Salat and J Melcher
		  and M P Frosch and B T Hyman and P E Grant and B R Rosen
		  and A J van der Kouwe and G C Wiggins and L L Wald and J C
		  Augustinack},
  title		= {Predicting the location of entorhinal cortex from {MRI}},
  journal	= {NeuroImage},
  year		= 2009,
  volume	= 47,
  number	= 1,
  pages		= {8-17}
}

@Article{	  fish2008,
  author	= {J L Fish and C Dehay and H Kennedy and W B Huttner},
  title		= {Making bigger brains - the evolution of
		  neural-progenitor-cell division},
  journal	= {Journal of Cell Science},
  year		= 2008,
  volume	= 121,
  pages		= {2783-93}
}

@Book{		  fisher1932,
  author	= {R A Fisher},
  title		= {Statistical Methods for Research Workers},
  address	= {Edinburgh},
  publisher	= {Oliver and Boyd},
  year		= 1932,
  edition	= 4
}

@Book{		  fisher1935,
  author	= {R A Fisher},
  title		= {The Design of Experiments},
  address	= {Edinburgh},
  publisher	= {Oliver and Boyd},
  year		= 1935
}

@Article{	  fjell2015,
  author	= {Fjell, Anders M. and Grydeland, H{\aa}kon and Krogsrud,
		  Stine K. and Amlien, Inge and Rohani, Darius A. and
		  Ferschmann, Lia and Storsve, Andreas B. and Tamnes,
		  Christian K. and Sala-Llonch, Roser and Due-T{\o}nnessen,
		  Paulina and Bj{\o}rnerud, Atle and S{\o}lsnes, Anne
		  Elisabeth and H{\aa}berg, Asta K. and Skranes, Jon and
		  Bartsch, Hauke and Chen, Chi-Hua and Thompson, Wesley K.
		  and Panizzon, Matthew S. and Kremen, William S. and Dale,
		  Anders M. and Walhovd, Kristine B.},
  journal	= {Proceedings of the National Academy of Sciences of the United States of America},
  month		= {dec},
  number	= {50},
  pages		= {15462--15467},
  title		= {Development and aging of cortical thickness correspond to
		  genetic organization patterns},
  volume	= {112},
  year		= {2015}
}

@Article{	  flowerdew1991,
  author	= {R Flowerdew and M Green and E Kehris},
  title		= {Using areal interpolation methods in geographic
		  information systems},
  journal	= {Papers in Regional Science},
  year		= 1991,
  volume	= 70,
  number	= 3,
  pages		= {303-15}
}

@Article{	  freedman1983,
  author	= {Freedman, David and Lane, David},
  journal	= {Journal of Business \& Economic Statistics},
  number	= 4,
  pages		= {292-8},
  title		= {A Nonstochastic Interpretation of Reported Significance
		  Levels},
  volume	= 1,
  year		= 1983
}

@Article{	  friston1994,
  author	= {Friston, K. J. and Holmes, A. P. and Worsley, K. J. and
		  Poline, J.-P. and Frith, C. D. and Frackowiak, R S J},
  journal	= {Human Brain Mapping},
  number	= {4},
  pages		= {189--210},
  title		= {Statistical parametric maps in functional imaging: {A}
		  general linear approach},
  volume	= {2},
  year		= {1994}
}

@Article{	  gabi2016,
  author	= {Gabi, Mariana and Neves, Kleber and Masseron, Carolinne
		  and Ribeiro, Pedro F. M. and Ventura-Antunes, Lissa and
		  Torres, Laila and Mota, Bruno and Kaas, Jon H. and
		  Herculano-Houzel, Suzana},
  journal	= {Proceedings of the National Academy of Sciences of the United States of America},
  number	= {34},
  pages		= {9617--22},
  title		= {No relative expansion of the number of prefrontal neurons
		  in primate and human evolution.},
  volume	= {113},
  year		= {2016}
}

@Article{	  gaddum1945,
  author	= {J H Gaddum},
  journal	= {Nature},
  number	= 3964,
  pages		= {463-6},
  title		= {Lognormal distributions},
  volume	= 156,
  year		= 1945
}

@Article{	  gail1988,
  author	= {Gail, M H and Tan, W Y and Piantadosi, S},
  journal	= {Biometrika},
  number	= 1,
  pages		= {57-64},
  title		= {Tests for no treatment effect in randomized clinical
		  trials},
  volume	= 75,
  year		= 1988
}

@Article{	  gandy2009,
  author	= {Gandy, Axel},
  journal	= {Journal of the American Statistical Association},
  number	= {488},
  pages		= {1505--1511},
  title		= {Sequential Implementation of {M}onte {C}arlo Tests with
		  Uniformly Bounded Resampling Risk},
  volume	= {104},
  year		= {2009}
}

@Article{	  gandy2013,
  author	= {Gandy, Axel and Rubin--Delanchy, Patrick},
  journal	= {The Annals of Statistics},
  number	= {1},
  pages		= {125--142},
  title		= {An algorithm to compute the power of {M}onte {C}arlo tests
		  with guaranteed precision},
  volume	= {41},
  year		= {2013}
}

@InCollection{	  gaonkar2012,
  address	= {Berlin, Heidelberg},
  author	= {Gaonkar, Bilwaj and Davatzikos, Christos},
  booktitle	= {Medical Image Computing and Computer-Assisted Intervention
		  – MICCAI 2012, Part I, LNCS 7510},
  editor	= {Ayache, Nicholas and Delingette, Herv{\'{e}} and Golland,
		  Polina and Mori, Kensaku},
  pages		= {723--730},
  publisher	= {Springer},
  title		= {Deriving Statistical Significance Maps for {SVM} Based
		  Image Classification and Group Comparisons},
  year		= {2012}
}

@Article{	  gazdzinski2008,
  author	= {Gazdzinski, Stefan and Kornak, John and Weiner, Michael W
		  and Meyerhoff, Dieter J},
  journal	= {Annals of Neurology},
  number	= {5},
  pages		= {652--7},
  title		= {Body mass index and magnetic resonance markers of brain
		  integrity in adults.},
  volume	= {63},
  year		= {2008}
}

@Article{	  ge2012,
  author	= {Ge, Tian and Feng, Jianfeng and Hibar, Derrek P and
		  Thompson, Paul M and Nichols, Thomas E},
  journal	= {NeuroImage},
  number	= {2},
  pages		= {858--73},
  title		= {Increasing power for voxel-wise genome-wide association
		  studies: the random field theory, least square kernel
		  machines and fast permutation procedures.},
  volume	= {63},
  year		= {2012}
}

@Article{	  ge_inpress,
  author	= {Ge, Tian and Reuter, Martin and Winkler, Anderson M and
		  Holmes, Avram J and Lee, Phil H and Tirrell, Lee S and
		  Roffman, Joshua L. and Buckner, Randy L. and Smoller,
		  Jordan W. and Sabuncu, Mert R.},
  journal	= {Nature Communications},
  title		= {Heritability of Neuroanatomical Shape},
  url		= {http://biorxiv.org/lookup/doi/10.1101/033407},
  year		= {in press}
}

@Article{	  genovese2002,
  author	= {Genovese, Christopher R and Lazar, Nicole A and Nichols,
		  Thomas},
  journal	= {NeuroImage},
  number	= {4},
  pages		= {870--8},
  title		= {Thresholding of statistical maps in functional
		  neuroimaging using the false discovery rate.},
  volume	= {15},
  year		= {2002}
}

@Article{	  geschwind2013,
  author	= {Geschwind, Daniel H and Rakic, Pasko},
  journal	= {Neuron},
  number	= {3},
  pages		= {633--47},
  title		= {Cortical evolution: judge the brain by its cover.},
  volume	= {80},
  year		= {2013}
}

@Article{	  geyer2011,
  author	= {S Geyer and M Weiss and K Reimann and G Lohmann and R
		  Turner},
  title		= {Microstructural Parcellation of the Human Cerebral Cortex
		  - From Brodmann's Post-Mortem Map to in vivo Mapping with
		  High-Field Magnetic Resonance Imaging},
  journal	= {Frontiers Human Neuroscience},
  year		= 2011,
  volume	= 5,
  pages		= 19
}

@Article{	  giancristofaro2014,
  author	= {Giancristofaro, Rosa Arboretti and Brombin, Chiara},
  journal	= {Statistica},
  number	= {3},
  pages		= {233--246},
  title		= {Overview of Nonparametric Combination-Based Permutation
		  Tests for Multivariate Multi-Sample Problems},
  volume	= {74},
  year		= {2014}
}

@Article{	  gilbert2005,
  author	= {Gilbert, Peter B.},
  journal	= {Journal of the Royal Statistical Society. Series C:
		  Applied Statistics},
  number	= {1},
  pages		= {143--158},
  title		= {A modified false discovery rate multiple-comparisons
		  procedure for discrete data, applied to human
		  immunodeficiency virus genetics},
  volume	= {54},
  year		= {2005}
}

@Article{	  gitelman2001,
  author	= {Gitelman, D R and Ashburner, J and Friston, K J and Tyler,
		  L K and Price, C J},
  journal	= {NeuroImage},
  number	= {4},
  pages		= {623--31},
  title		= {Voxel-based morphometry of herpes simplex encephalitis.},
  volume	= {13},
  year		= {2001}
}

@Article{	  glasser2011,
  author	= {Glasser, Matthew F. and {Van Essen}, David C.},
  journal	= {Journal of Neuroscience},
  number	= {32},
  pages		= {11597--616},
  title		= {Mapping human cortical areas in vivo based on myelin
		  content as revealed by {T1}- and {T2}-weighted {MRI}.},
  volume	= {31},
  year		= {2011}
}

@Article{	  glasser2013,
  author	= {Glasser, Matthew F and Sotiropoulos, Stamatios N and
		  Wilson, J Anthony and Coalson, Timothy S and Fischl, Bruce
		  and Andersson, Jesper L and Xu, Junqian and Jbabdi, Saad
		  and Webster, Matthew and Polimeni, Jonathan R and {Van
		  Essen}, David C and Jenkinson, Mark},
  journal	= {NeuroImage},
  pages		= {105--24},
  title		= {The minimal preprocessing pipelines for the {H}uman
		  {C}onnectome {P}roject.},
  volume	= {80},
  year		= {2013}
}

@Article{	  glasser2016,
  author	= {Glasser, Matthew F. and Coalson, Timothy S. and Robinson,
		  Emma C. and Hacker, Carl D. and Harwell, John and Yacoub,
		  Essa and Ugurbil, Kamil and Andersson, Jesper and Beckmann,
		  Christian F. and Jenkinson, Mark and Smith, Stephen M. and
		  {Van Essen}, David C.},
  journal	= {Nature},
  number	= {7615},
  pages		= {171--8},
  title		= {A multi-modal parcellation of human cerebral cortex.},
  volume	= {536},
  year		= {2016}
}

@Article{	  glaunes2004,
  author	= {Joan Glaun\`{e}s and Marc Vaillant and Michael I Miller},
  title		= {Landmark Matching via Large Deformation Diffeomorphisms on
		  the Sphere},
  journal	= {Journal of Mathematical Imaging and Vision},
  year		= {2004},
  volume	= {1-2},
  pages		= {179-200}
}

@Article{	  gnedenko1943,
  author	= {Gnedenko, B.},
  journal	= {Annals of Mathematics},
  number	= {3},
  pages		= {423--453},
  title		= {Sur La Distribution Limite Du Terme Maximum D'Une Serie
		  Aleatoire},
  volume	= {44},
  year		= {1943}
}

@Article{	  good2001,
  author	= {Good, C D and Johnsrude, I S and Ashburner, J and Henson,
		  R N and Friston, K J and Frackowiak, R S},
  journal	= {NeuroImage},
  number	= {1 Pt 1},
  pages		= {21--36},
  title		= {A voxel-based morphometric study of ageing in 465 normal
		  adult human brains.},
  volume	= {14},
  year		= {2001}
}

@Article{	  good2002,
  author	= {Good, Phillip},
  journal	= {Journal of Modern Applied Statistical Methods},
  number	= 2,
  pages		= {243-247},
  title		= {Extensions Of The Concept Of Exchangeability And Their
		  Applications},
  volume	= 1,
  year		= 2002
}

@Book{		  good2005,
  author	= {Good, Phillip},
  title		= {Permutation, Parametric, and Bootstrap Tests of
		  Hypotheses},
  address	= {New York},
  publisher	= {Springer},
  year		= 2005
}

@Article{	  goodchild1980,
  author	= {M F Goodchild and N S-N Lam},
  title		= {Areal interpolation: a variant of the traditional spatial
		  problem},
  journal	= {Geo-Processing},
  year		= {1980},
  volume	= {1},
  pages		= {297-312}
}

@Book{		  goodman2004,
  author	= {Jacob E Goodman and Joseph O'Rourke},
  title		= {Handbook of Discrete and Computational Geometry},
  address	= {Cambridge, MA, USA},
  publisher	= {Chapman and Hall/CRC},
  year		= 2004
}

@Article{	  gotway2002,
  author	= {C A Gotway and L J Young},
  title		= {Combining incompatible spatial data},
  journal	= {Journal of the American Statistical Association},
  year		= {2002},
  volume	= {97},
  number	= {458},
  pages		= {632-48}
}

@Article{	  gouraud1971,
  author	= {Gouraud, H.},
  journal	= {{IEEE} Transactions on Computers},
  number	= 6,
  pages		= {623-629},
  title		= {Continuous shading of curved surfaces},
  volume	= {C-20},
  year		= 1971
}

@Article{	  gregory2010,
  author	= {Ian N Gregory and Jordi Marti-Henneberg and Francisco J
		  Tapiador},
  title		= {Modelling long-term pan-European population change from
		  1870 to 2000 by using geographical information systems},
  journal	= {Journal of the Royal Statistical Society. Series A},
  year		= {2010},
  volume	= {173},
  number	= {1},
  pages		= {31-50}
}

@Misc{		  greve2012,
  author	= {Douglas N. Greve},
  institution	= {Martinos Center for Biomedical Imaging, Massachussetts
		  General Hospital, University of Harvard},
  title		= {Source code for the file {\tt mris\_preproc}, part of the
		  {FreeSurfer} software package.},
  year		= {2012}
}

@Article{	  grimshaw1993,
  author	= {Grimshaw, Scott D},
  journal	= {Technometrics},
  pages		= {185--191},
  title		= {Computing Maximum Likelihood Estimates for the Generalized
		  {P}areto Distribution},
  volume	= {35},
  year		= {1993}
}

@Article{	  grunewaldt2014,
  author	= {Grunewaldt, Kristine Hermansen and Fj{\o}rtoft, Toril and
		  Bjuland, Knut J{\o}rgen and Brubakk, Ann-Mari and Eikenes,
		  Live and H{\aa}berg, Asta K and L{\o}haugen, Gro C C and
		  Skranes, Jon},
  journal	= {Early Human Development},
  number	= {10},
  pages		= {571--8},
  title		= {Follow-up at age 10 years in {ELBW} children - functional
		  outcome, brain morphology and results from motor
		  assessments in infancy.},
  volume	= {90},
  year		= {2014}
}

@Article{	  guibas1987,
  author	= {Leonidas J. Guibas and Raimund Seidel},
  title		= {Computing convolutions by reciprocal search},
  journal	= {Discrete \& Computational Geometry},
  year		= {1987},
  volume	= {2},
  number	= {1},
  pages		= {175-93}
}

@Article{	  guillaume2014,
  author	= {Guillaume, Bryan and Hua, Xue and Thompson, Paul M. and
		  Waldorp, Lourens and Nichols, Thomas E.},
  journal	= {NeuroImage},
  pages		= {287--302},
  title		= {Fast and Accurate Modelling of Longitudinal and Repeated
		  Measures Neuroimaging Data},
  volume	= {94},
  year		= {2014}
}

@Book{		  gumbel1958,
  author	= {E. J. Gumbel},
  title		= {Statistics of Extremes},
  address	= {New York},
  publisher	= {EBPM},
  year		= 1958
}

@Article{	  hagberg2015,
  author	= {Hagberg, Henrik and Mallard, Carina and Ferriero, Donna M
		  and Vannucci, Susan J and Levison, Steven W and Vexler,
		  Zinaida S and Gressens, Pierre},
  journal	= {Nature Reviews Neurology},
  number	= {4},
  pages		= {192--208},
  title		= {The role of inflammation in perinatal brain injury.},
  volume	= {11},
  year		= {2015}
}

@Article{	  hagler2006,
  author	= {Hagler, Donald J and Saygin, Ayse Pinar and Sereno, Martin
		  I},
  journal	= {NeuroImage},
  number	= 4,
  pages		= {1093-103},
  title		= {Smoothing and cluster thresholding for cortical
		  surface-based group analysis of {fMRI} data.},
  volume	= 33,
  year		= 2006
}

@Article{	  hagmann2008,
  author	= {Hagmann, Patric and Cammoun, Leila and Gigandet, Xavier
		  and Meuli, Reto and Honey, Christopher J and Wedeen, Van J
		  and Sporns, Olaf},
  journal	= {{PLoS} Biology},
  number	= {7},
  pages		= {e159},
  title		= {Mapping the structural core of human cerebral cortex.},
  volume	= 6,
  year		= 2008
}

@Article{	  haldane1945,
  author	= {Haldane, JBS},
  journal	= {Biometrika},
  number	= {3},
  pages		= {222--225},
  title		= {On a method of estimating frequencies},
  volume	= {33},
  year		= {1945}
}

@Article{	  hall1991,
  author	= {Hall, Peter and Wilson, S R},
  journal	= {Biometrics},
  number	= {2},
  pages		= {757--762},
  title		= {Two guidelines for bootstrap hypothesis testing},
  volume	= {47},
  year		= {1991}
}

@Article{	  hamming1950,
  author	= {Hamming, R W},
  journal	= {Bell System Technical Journal},
  number	= {2},
  pages		= {147--160},
  title		= {Error detecting and error correcting codes},
  volume	= {29},
  year		= {1950}
}

@Article{	  harrison2015,
  author	= {Harrison, Neil A. and Cooper, Ella and Dowell, Nicholas G.
		  and Keramida, Georgia and Voon, Valerie and Critchley, Hugo
		  D. and Cercignani, Mara},
  journal	= {Biological Psychiatry},
  number	= {1},
  pages		= {49--57},
  title		= {Quantitative magnetization transfer imaging as a biomarker
		  for effects of Systemic inflammation on the brain},
  volume	= {78},
  year		= {2015}
}

@Article{	  hayasaka2004,
  author	= {Hayasaka, Satoru and Phan, K Luan and Liberzon, Israel and
		  Worsley, Keith J and Nichols, Thomas E},
  journal	= {NeuroImage},
  number	= {2},
  pages		= {676--87},
  title		= {Nonstationary cluster-size inference with random field and
		  permutation methods.},
  volume	= {22},
  year		= {2004}
}

@Article{	  hernandez2013,
  author	= {Hern\'{a}ndez, Mois\'{e}s and Guerrero, Gin\'{e}s D and
		  Cecilia, Jos\'{e} M and Garc\'{\i}a, Jos\'{e} M and Inuggi,
		  Alberto and Jbabdi, Saad and Behrens, Timothy E J and
		  Sotiropoulos, Stamatios N},
  journal	= {PLoS One},
  number	= {4},
  pages		= {e61892},
  title		= {Accelerating fibre orientation estimation from diffusion
		  weighted magnetic resonance imaging using {GPU}s.},
  volume	= {8},
  year		= {2013}
}

@Article{	  hill2010,
  author	= {J Hill and T Inder and J Neil and D Dierker and J Harwell
		  and D van Essen},
  title		= {Similar patterns of cortical expansion during human
		  development and evolution},
  journal	= {Proceedings of the National Academy of Sciences of U. S.
		  A.},
  year		= 2010,
  volume	= 107,
  number	= 29,
  pages		= {13135-40}
}

@Article{	  hinds2008,
  author	= {O P Hinds and N Rajendran and J R Polimeni and J C
		  Augustinack and G Wiggins and L L Wald and H Diana Rosas
		  and A Potthast and E L Schwartz and B Fischl},
  title		= {Accurate prediction of {V1} location from cortical folds
		  in a surface coordinate system},
  journal	= {NeuroImage},
  year		= 2008,
  volume	= 39,
  number	= 4,
  pages		= {1585-99}
}

@Article{	  hinds2009,
  author	= {O Hinds and J R Polimeni and N Rajendran and M
		  Balasubramanian and K Amunts and K Zilles and E L Schwartz
		  and B Fischl and C Triantafyllou},
  title		= {Locating the functional and anatomical boundaries of human
		  primary visual cortex},
  journal	= {NeuroImage},
  year		= 2009,
  volume	= 46,
  number	= 4,
  pages		= {915-22}
}

@Article{	  hinrichs2013,
  author	= {Hinrichs, Chris and Ithapu, VK and Sun, Q and Johnson, SC
		  and Singh, V},
  journal	= {Advances in Neural Information Processing Systems},
  pages		= {890--898},
  title		= {Speeding up Permutation Testing in Neuroimaging},
  year		= {2013}
}

@Article{	  ho2010,
  author	= {Ho, April J and Stein, Jason L and Hua, Xue and Lee, Suh
		  and Hibar, Derrek P and Leow, Alex D and Dinov, Ivo D and
		  Toga, Arthur W and Saykin, Andrew J and Shen, Li and
		  Foroud, Tatiana and Pankratz, Nathan and Huentelman,
		  Matthew J and Craig, David W and Gerber, Jill D and Allen,
		  April N and Corneveaux, Jason J and Stephan, Dietrich A and
		  DeCarli, Charles S and DeChairo, Bryan M and Potkin, Steven
		  G and Jack, Clifford R and Weiner, Michael W and Raji,
		  Cyrus A and Lopez, Oscar L and Becker, James T and
		  Carmichael, Owen T and Thompson, Paul M},
  journal	= {Proceedings of the National Academy of Sciences of the
		  United States of America},
  number	= {18},
  pages		= {8404--9},
  title		= {A commonly carried allele of the obesity-related {FTO}
		  gene is associated with reduced brain volume in the healthy
		  elderly.},
  volume	= {107},
  year		= {2010}
}

@Article{	  ho2011,
  author	= {Ho, April J. and Raji, Cyrus A. and Saharan, Priya and
		  DeGiorgio, Andrew and Madsen, Sarah K. and Hibar, Derrek P.
		  and Stein, Jason L. and Becker, James T. and Lopez, Oscar
		  L. and Toga, Arthur W. and Thompson, Paul M.},
  journal	= {NeuroReport},
  number	= {1},
  pages		= {10--14},
  title		= {Hippocampal volume is related to body mass index in
		  {A}lzheimer's disease},
  volume	= {22},
  year		= {2011}
}

@Article{	  hogstrom2013,
  author	= {Hogstrom, Larson J and Westlye, Lars T and Walhovd,
		  Kristine B and Fjell, Anders M},
  journal	= {Cerebral Cortex},
  number	= {11},
  pages		= {2521--30},
  title		= {The structure of the cerebral cortex across adult life:
		  age-related patterns of surface area, thickness, and
		  gyrification.},
  volume	= {23},
  year		= {2013}
}

@Article{	  holmes1996,
  author	= {Holmes, A P and Blair, R C and Watson, J D and Ford, I},
  journal	= {Journal of Cerebral Blood Flow and Metabolism},
  number	= 1,
  pages		= {7-22},
  title		= {Nonparametric analysis of statistic images from functional
		  mapping experiments},
  volume	= 16,
  year		= 1996
}

@Article{	  hosking1987,
  author	= {Hosking, J R M and Wallis, J R},
  journal	= {Technometrics},
  pages		= {339--349},
  title		= {Parameter and quantile estimation for the generalized
		  {P}areto distribution},
  volume	= {29},
  year		= {1987}
}

@Article{	  hubel1969,
  author	= {D H Hubel and T N Wiesel},
  title		= {Anatomical demonstration of columns in the monkey striate
		  cortex},
  journal	= {Nature},
  year		= 1969,
  volume	= 221,
  number	= 5182,
  pages		= {747-50}
}

@Article{	  hutton2008,
  author	= {C Hutton and E De Vita and J Ashburner and R Deichmann and
		  R Turner},
  title		= {Voxel-based cortical thickness measurements in {MRI}},
  journal	= {NeuroImage},
  year		= 2008,
  volume	= 40,
  pages		= {1701-10}
}

@Article{	  ieee754,
  author	= {{\sc{ieee} 754}},
  journal	= {IEEE Std 754-2008},
  number	= {August},
  pages		= {1--70},
  title		= {{IEEE Standard for Floating-Point Arithmetic}},
  year		= {2008}
}

@Book{		  jacquard1970,
  author	= {A Jacquard},
  title		= {Structures g\'{e}n\'{e}tiques des populations},
  address	= {Paris, France},
  publisher	= {Masson},
  year		= 1970
}

@Article{	  janssen2014,
  author	= {Janssen, Joost and Alem{\'{a}}n-G{\'{o}}mez, Yasser and
		  Schnack, Hugo and Balaban, Evan and Pina-Camacho, Laura and
		  Alfaro-Almagro, Fidel and Castro-Fornieles, Josefina and
		  Otero, Soraya and Baeza, Inmaculada and Moreno, Dolores and
		  Bargall{\'{o}}, Nuria and Parellada, Mara and Arango, Celso
		  and Desco, Manuel},
  journal	= {Schizophr Res},
  pages		= {91--99},
  title		= {Cortical morphology of adolescents with bipolar disorder
		  and with schizophrenia},
  volume	= {158},
  year		= {2014}
}

@InCollection{	  jockel1984,
  author	= {Jöckel, K.-H.},
  year		= {1984},
  isbn		= {978-3-7051-0007-7},
  booktitle	= {Compstat 1984},
  editor	= {Havránek, T. and Šidák, Z. and Novák, M.},
  title		= {Computational Aspects of {M}onte {C}arlo Tests},
  publisher	= {Physica-Verlag HD},
  pages		= {183-188}
}

@Article{	  jones1999,
  author	= {Philip W Jones},
  title		= {First- and Second-Order Conservative Remapping Schemes for
		  Grids in Spherical Coordinates},
  journal	= {Monthly Weather Review},
  year		= 1999,
  volume	= 127,
  number	= 9,
  pages		= {2204-10}
}

@Article{	  joshi2011,
  author	= {Joshi, Anand A and Lepor\'{e}, Natasha and Joshi, Shantanu
		  H and Lee, Agatha D and Barysheva, Marina and Stein, Jason
		  L and McMahon, Katie L and Johnson, Kori and de Zubicaray,
		  Greig I and Martin, Nicholas G and Wright, Margaret J and
		  Toga, Arthur W and Thompson, Paul M},
  journal	= {Neuroreport},
  number	= {3},
  pages		= {101--105},
  title		= {The contribution of genes to cortical thickness and
		  volume.},
  volume	= {22},
  year		= {2011}
}

@Article{	  joyner2009,
  author	= {Alexander H Joyner and J Cooper Roddey and Cinnamon S
		  Bloss and Trygve E Bakken and Lars M Rimol and Ingrid Melle
		  and Ingrid Agartz and Srdjan Djurovic and Eric J Topol and
		  Nicholas J Schork and Ole A Andreassen and Anders M Dale},
  title		= {A common {MECP2} haplotype associates with reduced
		  cortical surface area in humans in two independent
		  populations},
  journal	= {Proceedings of the National Academy of Sciences of U. S.
		  A.},
  year		= 2009,
  volume	= 106,
  number	= 36,
  pages		= {15483-8}
}

@Article{	  kahler2011,
  author	= {A K K\"{a}hler and S Djurovic and L M Rimol and A A Brown
		  and L Athanasiu and E G J\"{o}nsson and T Hansen and O
		  G\'{u}stafsson and H Hall and I Giegling and P Muglia and S
		  Cichon and M Rietschel and O P Pietil\"{a}inen and L
		  Peltonen and E Bramon and D Collier and D St Clair and E
		  Sigurdsson and H Petursson and D Rujescu and I Melle and T
		  Werge and V M Steen and A M Dale and R T Matthews and I
		  Agartz and O A Andreassen},
  title		= {Candidate gene analysis of the human natural killer-1
		  carbohydrate pathway and perineuronal nets in
		  schizophrenia: {B3GAT2} is associated with disease risk and
		  cortical surface area},
  journal	= {Biological Psychiatry},
  year		= 2011,
  volume	= 69,
  number	= 1,
  pages		= {90-6}
}

@Book{		  kapteyn1916,
  author	= {J C Kapteyn and M J van Uven},
  title		= {Skew frequency curves in biology and statistics},
  address	= {Groningen, The Netherlands},
  publisher	= {Hoitsema Brothers},
  year		= 1916
}

@Article{	  kazi-aoual1995,
  author	= {Kazi-Aoual, Fr\'{e}d\'{e}rique and Hitier, Simon and
		  Sabatier, Robert and Lebreton, Jean-Dominique},
  journal	= {Computational Statistics \& Data Analysis},
  number	= {94},
  pages		= {643--656},
  title		= {Refined approximations to permutation tests for
		  multivariate inference},
  volume	= {20},
  year		= {1995}
}

@Article{	  keller2010,
  author	= {Keller, Matthew C and Medland, Sarah E and Duncan, Laramie
		  E},
  journal	= {Behavior Genetics},
  number	= {3},
  pages		= {377--93},
  title		= {Are extended twin family designs worth the trouble? {A}
		  comparison of the bias, precision, and accuracy of
		  parameters estimated in four twin family models.},
  volume	= {40},
  year		= {2010}
}

@Article{	  kempthorne1955,
  author	= {Kempthorne, O},
  journal	= {Journal of the American Statistical Association},
  number	= 271,
  pages		= {946-967},
  title		= {The randomization theory of experimental inference},
  volume	= 50,
  year		= 1955
}

@Article{	  kempthorne1966,
  author	= {Kempthorne, O.},
  journal	= {Journal of the American Statistical Association},
  number	= {313},
  pages		= {11--34},
  title		= {Some aspects of experimental inference},
  volume	= {61},
  year		= {1966}
}

@Article{	  kennedy1995,
  author	= {Kennedy, P. E.},
  journal	= {Journal of Business \& Economic Statistics},
  number	= 1,
  pages		= {85-94},
  title		= {Randomization Tests in Econometrics},
  volume	= 13,
  year		= 1995
}

@Article{	  kennedy1996,
  author	= {Kennedy, Peter E and Cade, Brian S.},
  journal	= {Communications in Statistics-Simulation},
  pages		= {923-936},
  title		= {Randomization tests for multiple regression},
  volume	= 25,
  issue		= 4,
  year		= 1996
}

@Book{		  kenner1976,
  author	= {Hugh Kenner},
  title		= {Geodesic math and how to use it},
  address	= {Los Angeles, CA, USA},
  publisher	= {University of California Press},
  year		= 1976
}

@Article{	  kiefer2009,
  author	= {Kiefer, C. and Brockhaus, L. and Cattapan, K. and Burren,
		  J. and Schroth, G. and Wiest, R.},
  journal	= {IFMBE Proceedings},
  number	= {2},
  pages		= {238--241},
  title		= {Detection of amyloid-beta-plaques by means of quantitative
		  magnetization transfer},
  volume	= {25},
  year		= {2009}
}

@Article{	  kim2005,
  author	= {J S Kim and V Singh and J K Lee and J Lerch and Y
		  Ad-Dab'bagh and D MacDonald and J M Lee and S I Kim and A C
		  Evans},
  title		= {Automated {3-D} extraction and evaluation of the inner and
		  outer cortical surfaces using a {L}aplacian map and partial
		  volume effect classification},
  journal	= {NeuroImage},
  year		= 2005,
  volume	= 27,
  number	= 1,
  pages		= {210-21}
}

@Article{	  kim2009,
  author	= {E Y Kim and D H Kim and J H Chang and E Yoo and J W Lee
		  and H J Park},
  title		= {Triple-layer appearance of {B}rodmann area 4 at
		  thin-section double inversion-recovery {MR} imaging},
  journal	= {Radiology},
  year		= 2009,
  volume	= 250,
  number	= 2,
  pages		= {515-22}
}

@Article{	  kim2010,
  author	= {Kim, Hyune J.},
  journal	= {Journal of Statistical Planning and Inference},
  number	= {7},
  pages		= {1834--1843},
  title		= {Bounding the resampling risk for sequential {M}onte
		  {C}arlo implementation of hypothesis tests},
  volume	= {140},
  year		= {2010}
}

@Article{	  klein2010,
  author	= {Klein, Arno and Ghosh, Satrajit S and Avants, Brian and
		  Yeo, B T T and Fischl, Bruce and Ardekani, Babak and Gee,
		  James C and Mann, J J and Parsey, Ramin V},
  journal	= {NeuroImage},
  number	= 1,
  pages		= {214-20},
  title		= {Evaluation of volume-based and surface-based brain image
		  registration methods},
  volume	= 51,
  year		= 2010
}

@Article{	  klunk2004,
  author	= {Klunk, William E and Engler, Henry and Nordberg, Agneta
		  and Wang, Yanming and Blomqvist, Gunnar and Holt, Daniel P
		  and Bergstr\"{o}m, Mats and Savitcheva, Irina and Huang,
		  Guo-Feng and Estrada, Sergio and Aus\'{e}n, Birgitta and
		  Debnath, Manik L and Barletta, Julien and Price, Julie C
		  and Sandell, Johan and Lopresti, Brian J and Wall, Anders
		  and Koivisto, Pernilla and Antoni, Gunnar and Mathis,
		  Chester A and L\aa{}ngstr\"{o}m, Bengt},
  title		= {{Imaging brain amyloid in Alzheimer's disease with
		  Pittsburgh Compound-B.}},
  journal	= {Annals of Neurology},
  volume	= 55,
  number	= 3,
  pages		= {306-19},
  year		= 2004
}

@Article{	  knijnenburg2009,
  author	= {Knijnenburg, Theo A and Wessels, Lodewyk F A and Reinders,
		  Marcel J T and Shmulevich, Ilya},
  journal	= {Bioinformatics},
  number	= {12},
  pages		= {i161--8},
  title		= {Fewer permutations, more accurate {P}-values.},
  volume	= {25},
  year		= {2009}
}

@Book{		  knuth2005,
  author	= {Donald E Knuth},
  title		= {The Art of Computer Programming. Volume 4, Fascicle 2},
  publisher	= {Addison-Wesley},
  year		= 2005
}

@Article{	  koch1966,
  author	= {Koch, A L},
  journal	= {Journal of Theoretical Biology},
  number	= 2,
  pages		= {276-90},
  title		= {The logarithm in biology. 1. Mechanisms generating the
		  log-normal distribution exactly.},
  volume	= 12,
  year		= 1966
}

@Article{	  kochunov2006,
  author	= {P Kochunov and J L Lancaster and D C Glahn and D Purdy and
		  A R Laird and F Gao and P T Fox},
  title		= {Retrospective motion correction protocol for
		  high-resolution anatomical {MRI}},
  journal	= {Human Brain Mappping},
  year		= 2006,
  volume	= 27,
  number	= 12,
  pages		= {957-62}
}

@Article{	  kremen2013,
  author	= {Kremen, William S and Fennema-Notestine, Christine and
		  Eyler, Lisa T and Panizzon, Matthew S and Chen, Chi-Hua and
		  Franz, Carol E and Lyons, Michael J and Thompson, Wesley K
		  and Dale, Anders M},
  journal	= {American Journal of Medical Genetics. Part B:
		  Neuropsychiatric Genetics},
  number	= {7},
  pages		= {751--61},
  title		= {Genetics of brain structure: contributions from the
		  {Vietnam Era Twin Study of Aging}.},
  volume	= {162B},
  year		= {2013}
}

@Article{	  kuper2011,
  author	= {K{\"{u}}per, Michael and Rabe, K. and Esser, S. and
		  Gizewski, E. R. and Husstedt, I. W. and Maschke, M. and
		  Obermann, M.},
  journal	= {Journal of Neurology},
  number	= {6},
  pages		= {1066--1075},
  title		= {Structural gray and white matter changes in patients with
		  {HIV}},
  volume	= {258},
  year		= {2011}
}

@Article{	  laird2004,
  author	= {Laird, Angela R and Rogers, Baxter P and Meyerand, M
		  Elizabeth},
  journal	= {Magnetic Resonance in Medicine},
  number	= 2,
  pages		= {418-22},
  title		= {Comparison of {F}ourier and wavelet resampling methods.},
  volume	= 51,
  year		= 2004
}

@TechReport{	  lauchner1969,
  author	= {Lauchner, Julian H. and {Buckminster Fuller}, R. and
		  Clinton, Joseph D. and Mabee, Mark B. and Moeller, Richard
		  M. and Flood, Richard},
  institution	= {Southern Illinois University},
  title		= {Structural design concepts for future space missions.
		  {NASA} Contract {NGR}-14-008-002.},
  year		= 1969
}

@Article{	  lauritzen2008,
  author	= {Peter H Lauritzen And Ramachandran D Nair},
  title		= {Monotone and Conservative Cascade Remapping between
		  Spherical Grids ({CaRS}): Regular Latitude-Longitude and
		  Cubed-Sphere Grids},
  journal	= {Monthly Weather Review},
  year		= 2008,
  volume	= 136,
  number	= 4,
  pages		= {1416-32}
}

@Article{	  lawley1938,
  author	= {Lawley, D N},
  journal	= {Biometrika},
  number	= {1},
  pages		= {180--187},
  title		= {A Generalization of {F}isher's z Test},
  volume	= {30},
  year		= {1938}
}

@Book{		  leadbetter1983,
  author	= {M. R. Leadbetter and Georg Lindgren and Holger
		  Rootz\'{e}n},
  title		= {Extremes and related properties of random sequences and
		  processes},
  address	= {New York},
  publisher	= {Springer-Verlag},
  year		= 1983
}

@Article{	  leahy2000,
  author	= {Leahy, Richard M. and Qi, Jinyi},
  journal	= {Statistics and Computing},
  number	= {2},
  pages		= {147--165},
  title		= {Statistical approaches in quantitative positron emission
		  tomography},
  volume	= {10},
  year		= {2000}
}

@Article{	  lee2016,
  author	= {Lee, Nancy Raitano and Adeyemi, Elizabeth I. and Lin, Amy
		  and Clasen, Liv S. and Lalonde, Fran{\c{c}}ois M. and
		  Condon, Ellen and Driver, David I. and Shaw, Philip and
		  Gogtay, Nitin and Raznahan, Armin and Giedd, Jay N.},
  journal	= {Cerebral Cortex},
  number	= {7},
  pages		= {2982--2990},
  title		= {Dissociations in cortical morphometry in youth with down
		  syndrome: Evidence for reduced surface area but increased
		  thickness},
  volume	= {26},
  year		= {2016}
}

@Article{	  lehmann1949,
  author	= {Lehmann, EL and Stein, C},
  journal	= {The Annals of Mathematical Statistics},
  number	= {1},
  pages		= {28-45},
  title		= {On the theory of some non-parametric hypotheses},
  volume	= {20},
  year		= {1949}
}

@Article{	  lenroot2009,
  author	= {Lenroot, Rhoshel K and Schmitt, James E and Ordaz, Sarah J
		  and Wallace, Gregory L and Neale, Michael C and Lerch,
		  Jason P and Kendler, Kenneth S and Evans, Alan C and Giedd,
		  Jay N},
  journal	= {Human Brain Mapping},
  number	= {1},
  pages		= {163--74},
  title		= {Differences in genetic and environmental influences on the
		  human cerebral cortex associated with development during
		  childhood and adolescence.},
  volume	= {30},
  year		= {2009}
}

@Article{	  levesque2010,
  author	= {Levesque, Ives R. and Giacomini, Paul S. and Narayanan,
		  Sridar and Ribeiro, Luciana T. and Sled, John G. and
		  Arnold, Doug L. and Pike, G. Bruce},
  journal	= {Magnetic Resonance in Medicine},
  number	= {3},
  pages		= {633--640},
  title		= {Quantitative magnetization transfer and myelin water
		  imaging of the evolution of acute multiple sclerosis
		  lesions},
  volume	= {63},
  year		= {2010}
}

@Article{	  levin1983,
  author	= {Levin, Bruce and Robbins, Herbert},
  journal	= {Law and Contemporary Problems},
  number	= 4,
  pages		= {247-267},
  title		= {Urn models for regression analysis, with applications to
		  employment discrimination studies},
  volume	= 46,
  year		= 1983
}

@Article{	  limpert2001,
  author	= {Limpert, Eckhard and Stahel, Werner a. and Abbt, Markus},
  journal	= {BioScience},
  number	= 5,
  pages		= {341-352},
  title		= {Log-normal Distributions across the Sciences: Keys and
		  Clues},
  volume	= 51,
  year		= 2001
}

@Article{	  locascio1997,
  author	= {Locascio, J J and Jennings, P J and Moore, C I and Corkin,
		  S},
  journal	= {Human Brain Mapping},
  number	= {3},
  pages		= {168--93},
  title		= {Time series analysis in the time domain and resampling
		  methods for studies of functional magnetic resonance brain
		  imaging.},
  volume	= {5},
  year		= {1997}
}

@Article{	  lombardi2002,
  author	= {Lombardi, Marco},
  journal	= {Astronomy \& Astrophysics},
  volume	= 395,
  number	= 2,
  pages		= {733-45},
  title		= {Interpolation and smoothing},
  year		= 2002
}

@Article{	  lyttelton2009,
  author	= {Lyttelton, Oliver C and Karama, Sherif and Ad-Dab'bagh,
		  Yasser and Zatorre, Robert J and Carbonell, Felix and
		  Worsley, Keith and Evans, Alan C},
  journal	= {NeuroImage},
  number	= 4,
  pages		= {895-903},
  title		= {Positional and surface area asymmetry of the human
		  cerebral cortex},
  volume	= 46,
  year		= 2009
}

@Article{	  macdonald2000,
  author	= {D MacDonald and N Kabani and D Avis and A C Evans},
  title		= {Automated {3-D} extraction of inner and outer surfaces of
		  cerebral cortex from {MRI}},
  journal	= {NeuroImage},
  year		= 2000,
  volume	= 12,
  number	= 3,
  pages		= {340-56}
}

@Article{	  mangin1995,
  author	= {J-F Mangin and V Frouin and I Bloch and J Regis and J
		  Lopes-Krabe},
  title		= {From {3D} {MR} images to structural representations of the
		  cortex topography using topology preserving deformations},
  journal	= {Journal of Mathematical Imaging and Vision},
  year		= 1995,
  volume	= 5,
  pages		= {297-318}
}

@Article{	  mangin2004,
  author	= {Mangin, J-F and Rivi{\`{e}}re, D and Cachia, A and
		  Duchesnay, E and Cointepas, Y and Papadopoulos-Orfanos, D
		  and Scifo, P and Ochiai, T and Brunelle, F and R{\'{e}}gis,
		  J},
  journal	= {NeuroImage},
  pages		= {S129--38},
  title		= {A framework to study the cortical folding patterns.},
  volume	= {23 Suppl 1},
  year		= {2004}
}

@Article{	  manly1986,
  author	= {Manly, Bryan F. J.},
  journal	= {Researches on Population Ecology},
  number	= 2,
  pages		= {201-218},
  title		= {Randomization and regression methods for testing for
		  associations with geographical, environmental and
		  biological distances between populations},
  volume	= 28,
  year		= 1986
}

@Book{		  manly2007,
  author	= {B F J Manly},
  title		= {Randomization, Bootstrap and {M}onte {C}arlo Methods in
		  Biology},
  edition	= {3rd},
  address	= {London},
  publisher	= {Chapman \& Hall},
  year		= 2007
}

@Article{	  mann1947,
  author	= {Mann, H.B. and Whitney, D.R.},
  journal	= {The Annals of Mathematical Statistics},
  number	= {1},
  pages		= {50--60},
  title		= {On a test of whether one of two random variables is
		  stochastically larger than the other},
  volume	= {18},
  year		= {1947}
}

@Article{	  marcus1976,
  author	= {Marcus, Ruth and Peritz, Eric and Gabriel, K. R.},
  journal	= {Biometrika},
  number	= {3},
  pages		= {655},
  title		= {On Closed Testing Procedures with Special Reference to
		  Ordered Analysis of Variance},
  volume	= {63},
  year		= {1976}
}

@Article{	  mardia1971,
  author	= {Mardia, K V},
  journal	= {Biometrika},
  number	= {1},
  pages		= {105--121},
  title		= {The Effect of Nonnormality on Some Multivariate Tests and
		  Robustness to Nonnormality in the Linear Model},
  volume	= {58},
  year		= {1971}
}

@Article{	  marin-padilla1997,
  author	= {Mar{\'{i}}n-Padilla, M},
  journal	= {Journal of Neuropathology \& Experimental Neurology},
  number	= {3},
  pages		= {219--35},
  title		= {Developmental neuropathology and impact of perinatal brain
		  damage. {II}: white matter lesions of the neocortex.},
  volume	= {56},
  year		= {1997}
}

@Article{	  markoff1973,
  author	= {John Markoff and Gilbert Shapiro},
  title		= {The linkage of data describing overlapping geographical
		  units},
  journal	= {Historical Methods Newsletter},
  year		= 1973,
  volume	= 7,
  number	= 1,
  pages		= {34-46}
}

@Article{	  marques-iturria2013,
  author	= {Marqu\'{e}s-Iturria, Idoia and Pueyo, Roser and Garolera,
		  Maite and Segura, B\`{a}rbara and Junqu\'{e}, Carme and
		  Garc\'{\i}a-Garc\'{\i}a, Isabel and {Jos\'{e}
		  Sender-Palacios}, Mar\'{\i}a and Vernet-Vernet, Mar\'{\i}a
		  and Narberhaus, Ana and Ariza, Mar and Jurado, Mar\'{\i}a \'{A}ngeles},
  journal	= {Psychiatry Research},
  number	= {2},
  pages		= {109--15},
  title		= {Frontal cortical thinning and subcortical volume
		  reductions in early adulthood obesity.},
  volume	= {214},
  year		= {2013}
}

@Article{	  marsland2008,
  author	= {Marsland, Anna L. and Gianaros, Peter J. and Abramowitch,
		  Sarah M. and Manuck, Stephen B. and Hariri, Ahmad R.},
  journal	= {Biological Psychiatry},
  number	= {6},
  pages		= {484--490},
  title		= {Interleukin-6 Covaries Inversely with Hippocampal Grey
		  Matter Volume in Middle-Aged Adults},
  volume	= {64},
  year		= {2008}
}

@Article{	  martinussen2005,
  author	= {Martinussen, M. and Fischl, B. and Larsson, H. B. and
		  Skranes, J. and Kulseng, S. and Vangberg, T. R. and Vik, T.
		  and Brubakk, A. M. and Haraldseth, O. and Dale, A. M.},
  journal	= {Brain},
  number	= {11},
  pages		= {2588--2596},
  title		= {Cerebral cortex thickness in 15-year-old adolescents with
		  low birth weight measured by an automated {MRI}-based
		  method},
  volume	= {128},
  year		= {2005}
}

@Book{		  matlab2015,
  year		= {2015},
  author	= {{The MathWorks Inc.}},
  title		= {MATLAB Version 8.5 (R2015a)},
  address	= {Natick, Massachusetts}
}

@article{McFarquhar2016,
author = {McFarquhar, Martyn and McKie, Shane and Emsley, Richard and Suckling, John and Elliott, Rebecca and Williams, Stephen},
journal = {NeuroImage},
pages = {373--389},
title = {Multivariate and repeated measures ({MRM}): A new toolbox for dependent and multimodal group-level neuroimaging data},
volume = {132},
year = {2016}}

@Article{	  mckay2014,
  author	= {McKay, D Reese and Knowles, Emma E M and Winkler, Anderson
		  A M and Sprooten, Emma and Kochunov, Peter and Olvera, Rene
		  L and Curran, Joanne E and Kent, Jack W and Carless,
		  Melanie A and G\"{o}ring, Harald H H and Dyer, Thomas D and
		  Duggirala, Ravi and Almasy, Laura and Fox, Peter T and
		  Blangero, John and Glahn, David C},
  journal	= {Brain Imaging and Behavior},
  number	= {2},
  pages		= {143--52},
  title		= {Influence of age, sex and genetic factors on the human
		  brain.},
  volume	= {8},
  year		= {2014}
}

@Article{	  melka2013,
  author	= {Melka, Melkaye G and Gillis, Jesse and Bernard, Manon and
		  Abrahamowicz, Michal and Chakravarty, M Mallar and Leonard,
		  Gabriel T and Perron, Michel and Richer, Louis and
		  Veillette, Suzanne and Banaschewski, Tobias and Barker,
		  Gareth J and B\"{u}chel, Christian and Conrod, Patricia and
		  Flor, Herta and Heinz, Andreas and Garavan, Hugh and
		  Br\"{u}hl, R\"{u}diger and Mann, Karl and Artiges, Eric and
		  Lourdusamy, Anbarasu and Lathrop, Mark and Loth, Eva and
		  Schwartz, Yannick and Frouin, Vincent and Rietschel,
		  Marcella and Smolka, Michael N and Str\"{o}hle, Andreas and
		  Gallinat, J\"{u}rgen and Struve, Maren and Lattka, Eva and
		  Waldenberger, Melanie and Schumann, Gunter and Pavlidis,
		  Paul and Gaudet, Daniel and Paus, Tom\'{a}s and Pausova, Zdenka},
  journal	= {Human Molecular Genetics},
  number	= {5},
  pages		= {1050--8},
  title		= {{FTO}, obesity and the adolescent brain.},
  volume	= {22},
  year		= {2013}
}

@Article{	  meriaux2006,
  author	= {M{\"{e}}riaux, S{\'{e}}bastien and Roche, Alexis and
		  Dehaene-Lambertz, Ghislaine and Thirion, Bertrand and
		  Poline, Jean Baptiste},
  journal	= {Human Brain Mapping},
  pages		= {402--410},
  title		= {Combined permutation test and mixed-effect model for group
		  average analysis in {fMRI}},
  volume	= {27},
  year		= {2006}
}

@Article{	  mielke1981,
  author	= {Mielke, Paul W. and Berry, Kenneth J. and Brier, Glenn
		  W.},
  journal	= {Monthly Weather Review},
  number	= {1},
  pages		= {120--126},
  title		= {Application of Multi-Response Permutation Procedures for
		  Examining Seasonal Changes in Monthly Mean Sea-Level
		  Pressure Patterns},
  volume	= {109},
  year		= {1981}
}

@Article{	  miller1997,
  author	= {M Miller and A Banerjeea and G Christensen and S Joshi and
		  N Khaneja and U Grenander and L Matejic},
  title		= {Statistical methods in computational anatomy},
  journal	= {Statistical methods in Medical Research},
  year		= 1997,
  volume	= 6,
  number	= 3,
  pages		= {267-99}
}

@Article{	  min2013,
  author	= {Min, J and Chiu, D T and Wang, Y},
  journal	= {Obesity Reviews},
  number	= {11},
  pages		= {871--82},
  title		= {Variation in the heritability of body mass index based on
		  diverse twin studies: a systematic review.},
  volume	= {14},
  year		= {2013}
}

@Article{	  minas2014,
  author	= {Minas, Christopher and Montana, Giovanni},
  journal	= {Statistical Analysis and Data Mining},
  number	= {6},
  pages		= {450--470},
  title		= {Distance-based analysis of variance: Approximate
		  inference},
  volume	= {7},
  year		= {2014}
}

@Article{	  moore1965,
  author	= {Moore, Gordon E.},
  journal	= {Electronics},
  pages		= {114--117},
  title		= {Cramming more components onto integrated circuits},
  year		= {1965}
}

@Article{	  mountcastle1957,
  author	= {V B Mountcastle and P W Davies and A L Berman},
  title		= {Response properties of neurons of cat's somatic sensory
		  cortex to peripheral stimuli},
  journal	= {Journal of Neurophysiology},
  year		= 1957,
  volume	= 20,
  number	= 4,
  pages		= {374-407}
}

@Book{		  mountcastle1998,
  author	= {V P Mountcastle},
  title		= {Perceptual Neuroscience: The Cerebral Cortex},
  address	= {Cambridge, MA, USA},
  publisher	= {Harvard University Press},
  year		= 1998
}

@Article{	  nelson2010,
  author	= {Nelson, Steven M and Cohen, Alexander L and Power,
		  Jonathan D and Wig, Gagan S and Miezin, Francis M and
		  Wheeler, Mark E and Velanova, Katerina and Donaldson, David
		  I and Phillips, Jeffrey S and Schlaggar, Bradley L and
		  Petersen, Steven E},
  journal	= {Neuron},
  number	= 1,
  pages		= {156-70},
  title		= {A Parcellation Scheme for Human Left Lateral Parietal
		  Cortex.},
  volume	= 67,
  year		= 2010
}

@Article{	  nichols2002,
  author	= {Nichols, Thomas E and Holmes, Andrew P},
  journal	= {Human Brain Mapping},
  number	= 1,
  pages		= {1-25},
  title		= {Nonparametric permutation tests for functional
		  neuroimaging: a primer with examples},
  volume	= 15,
  year		= 2002
}

@Article{	  nichols2003,
  author	= {Nichols, Thomas and Hayasaka, Satoru},
  journal	= {Statistical Methods in Medical Research},
  number	= 5,
  pages		= {419-46},
  title		= {Controlling the familywise error rate in functional
		  neuroimaging: a comparative review.},
  volume	= 12,
  year		= 2003
}

@Article{	  nichols2005,
  author	= {Nichols, Thomas and Brett, Matthew and Andersson, Jesper
		  and Wager, Tor and Poline, Jean-Baptiste},
  journal	= {NeuroImage},
  number	= {3},
  pages		= {653--60},
  title		= {Valid conjunction inference with the minimum statistic.},
  volume	= {25},
  year		= {2005}
}

@Article{	  noble2015,
  author	= {Noble, Kimberly G and Houston, Suzanne M and Brito,
		  Natalie H and Bartsch, Hauke and Kan, Eric and Kuperman,
		  Joshua M and Akshoomoff, Natacha and Amaral, David G and
		  Bloss, Cinnamon S and Libiger, Ondrej and Schork, Nicholas
		  J and Murray, Sarah S and Casey, B J and Chang, Linda and
		  Ernst, Thomas M and Frazier, Jean A and Gruen, Jeffrey R
		  and Kennedy, David N and {Van Zijl}, Peter and Mostofsky,
		  Stewart and Kaufmann, Walter E and Kenet, Tal and Dale,
		  Anders M and Jernigan, Terry L and Sowell, Elizabeth R},
  journal	= {Nature Neuroscience},
  number	= {5},
  pages		= {773--778},
  title		= {Family income, parental education and brain structure in
		  children and adolescents},
  volume	= {18},
  year		= {2015}
}

@Article{	  nopoulos2010,
  author	= {P C Nopoulos and E H Aylward and C A Ross and H J Johnson
		  and V A Magnotta and A R Juhl and R K Pierson and J Mills
		  and D R Langbehn and J S Paulsen and {PREDICT-HD
		  Investigators Coordinators of Huntington Study Group
		  (HSG)}},
  title		= {Cerebral cortex structure in prodromal {H}untington
		  disease},
  journal	= {Neurobiology of Disease},
  year		= 2010,
  volume	= 40,
  number	= 3,
  pages		= {544-54}
}

@Book{		  noreen1989,
  author	= {Eric W Noreen},
  title		= {Computer-Intensive Methods for Testing Hypotheses},
  address	= {New York},
  publisher	= {John Wiley and Sons},
  year		= 1989
}

@Article{	  oleary2007,
  author	= {O'Leary, Dennis D M and Chou, Shen-Ju and Sahara,
		  Setsuko},
  journal	= {Neuron},
  number	= {2},
  pages		= {252--69},
  title		= {Area patterning of the mammalian cortex.},
  volume	= {56},
  year		= {2007}
}

@Article{	  palaniyappan2011,
  author	= {Palaniyappan, Lena and Mallikarjun, Pavan and Joseph,
		  Verghese and White, Thomas P and Liddle, Peter F},
  journal	= {Schizophrenia Research},
  number	= {2-3},
  pages		= {163-8},
  title		= {Regional contraction of brain surface area involves three
		  large-scale networks in schizophrenia.},
  volume	= 129,
  year		= 2011
}

@Article{	  panizzon2009,
  author	= {Panizzon, Matthew S and Fennema-Notestine, Christine and
		  Eyler, Lisa T and Jernigan, Terry L. and Prom-Wormley,
		  Elizabeth and Neale, Michael and Jacobson, Kristen and
		  Lyons, Michael J and Grant, Michael D and Franz, Carol E
		  and Xian, Hong and Tsuang, Ming and Fischl, Bruce and
		  Seidman, Larry and Dale, Anders and Kremen, William S},
  journal	= {Cerebral Cortex},
  number	= {11},
  pages		= {2728--35},
  title		= {Distinct genetic influences on cortical surface area and
		  cortical thickness.},
  volume	= {19},
  year		= {2009}
}

@Article{	  pannacciulli2006,
  author	= {Pannacciulli, Nicola and {Del Parigi}, Angelo and Chen,
		  Kewei and Le, Duc Son N T and Reiman, Eric M and Tataranni,
		  Pietro A},
  journal	= {NeuroImage},
  number	= {4},
  pages		= {1419--25},
  title		= {Brain abnormalities in human obesity: a voxel-based
		  morphometric study.},
  volume	= {31},
  year		= {2006}
}

@Article{	  pantazis2005,
  author	= {Pantazis, Dimitrios and Nichols, Thomas E and Baillet,
		  Sylvain and Leahy, Richard M},
  journal	= {NeuroImage},
  number	= 2,
  pages		= {383-94},
  title		= {A comparison of random field theory and permutation
		  methods for the statistical analysis of {MEG} data.},
  volume	= 25,
  year		= 2005
}

@InProceedings{	  parker2003,
  author	= {Geoff J. M. Parker and Anwar R. Padhani},
  title		= {{$T_1$}-w {DCE-MRI}: {$T_1$}-weighted {D}ynamic
		  {C}ontrast-{E}nhanced {MRI}},
  booktitle	= {Quantitative {MRI} of the Brain: {M}easuring Changes
		  Caused by Disease},
  pages		= {341-364},
  year		= {2003},
  editor	= {Paul Tofts},
  publisher	= {John Wiley \& Sons}
}

@Article{	  pearson1895,
  author	= {Pearson, Karl},
  journal	= {Philosophical Transactions of the Royal Society of London.
		  Series A},
  number	= {1895},
  pages		= {343-- 414},
  title		= {Contributions to the mathematical theory of evolution.
		  {II}. Skew variation in homogeneous material},
  volume	= {186},
  year		= {1895}
}

@Article{	  pearson1901,
  author	= {Pearson, K.},
  journal	= {Philosophical Transactions of the Royal Society A:
		  Mathematical, Physical and Engineering Sciences},
  number	= {287-299},
  pages		= {443--459},
  title		= {{Mathematical contributions to the theory of evolution, X:
		  Supplement to a memoir on skew variation}},
  volume	= {197},
  year		= {1901}
}

@Article{	  pearson1916,
  author	= {Pearson, K.},
  journal	= {Philosophical Transactions of the Royal Society A:
		  Mathematical, Physical and Engineering Sciences},
  number	= {538–548},
  pages		= {429--457},
  title		= {{Mathematical contributions to the theory of evolution,
		  XIX: Second supplement to a memoir on skew variation}},
  volume	= {216},
  year		= {1916}
}

@Article{	  pearson1937,
  author	= {Pearson, E. S.},
  journal	= {Biometrika},
  number	= {1/2},
  pages		= {53-64},
  title		= {Some Aspects of the Problem of Randomization},
  volume	= 29,
  year		= 1937
}

@Article{	  peirce1884,
  author	= {Peirce, C S and Jastrow, J},
  journal	= {Memoirs of the National Academy of Sciences},
  pages		= {75--83},
  title		= {On small differences of sensation},
  volume	= {3},
  year		= {1884}
}

@Article{	  pesarin1990,
  author	= {Pesarin, Fortunato},
  journal	= {Psychotherapy and Psychosomatics},
  pages		= {172--179},
  title		= {On a nonparametric combination method for dependent
		  permutation tests with applications},
  volume	= {54},
  year		= {1990}
}

@Article{	  pesarin1992,
  author	= {Pesarin, Fortunato},
  journal	= {Journal of the Italian Statistical Society},
  number	= {1},
  pages		= {87--101},
  title		= {A resampling procedure for nonparametric combination of
		  several dependent tests},
  volume	= {1},
  year		= {1992}
}

@Book{		  pesarin2010,
  author	= {Fortunato Pesarin and Luigi Salmaso},
  title		= {Permutation Tests for Complex Data: Theory, Applications
		  and Software},
  address	= {West Sussex, England, {UK}},
  publisher	= {John Wiley and Sons},
  year		= 2010
}

@Article{	  picklandsiii1975,
  author	= {{Picklands {\sc iii}}, James},
  journal	= {The Annals of Statistics},
  number	= {1},
  pages		= {119--131},
  title		= {Statistical inference using extreme order statistics},
  volume	= {3},
  year		= {1975}
}

@Article{	  pierani2009,
  author	= {A Pierani and M Wassef},
  title		= {Cerebral cortex development: from progenitors to
		  patterning to neocortical size during evolution},
  journal	= {Development, Growth \& Differentiation},
  year		= 2009,
  volume	= 51,
  pages		= {325-42}
}

@Article{	  pillai1955,
  author	= {Pillai, K. C. S.},
  journal	= {The Annals of Mathematical Statistics},
  number	= {1},
  pages		= {117--121},
  title		= {Some New Test Criteria in Multivariate Analysis},
  volume	= {26},
  year		= {1955}
}

@Article{	  pitman1937-i,
  author	= {Pitman, E. J. G.},
  journal	= {Supplement to the Journal of the Royal Statistical
		  Society},
  number	= {1},
  pages		= {119-130},
  title		= {Significance Tests Which May be Applied to Samples From
		  any Populations},
  volume	= {4},
  year		= {1937}
}

@Article{	  pitman1937-ii,
  author	= {Pitman, E. J. G.},
  journal	= {Supplement to the Journal of the Royal Statistical
		  Society},
  number	= {2},
  pages		= {225-232},
  title		= {Significance Tests Which May be Applied to Samples from
		  any Populations. {II}. {T}he Correlation Coefficient Test},
  volume	= {4},
  year		= {1937}
}

@Article{	  pitman1938,
  author	= {Pitman, E. J. G.},
  journal	= {Biometrika},
  number	= {3/4},
  pages		= {322-335},
  title		= {Significance Tests which May be Applied to Samples from
		  any Populations: {III}. {T}he Analysis of Variance Test},
  volume	= {29},
  year		= {1938}
}

@Article{	  poline1997,
  author	= {Poline, J B and Worsley, K J and Evans, A C and Friston, K
		  J},
  journal	= {NeuroImage},
  number	= {2},
  pages		= {83--96},
  title		= {Combining spatial extent and peak intensity to test for
		  activations in functional imaging.},
  volume	= {5},
  year		= {1997}
}

@Article{	  posthuma2000,
  author	= {Posthuma, D and Boomsma, D I},
  journal	= {Behavior Genetics},
  number	= {2},
  pages		= {147--58},
  title		= {A note on the statistical power in extended twin
		  designs.},
  volume	= {30},
  year		= {2000}
}

@Article{	  raji2010,
  author	= {Raji, Cyrus A and Ho, April J and Parikshak, Neelroop N
		  and Becker, James T and Lopez, Oscar L and Kuller, Lewis H
		  and Hua, Xue and Leow, Alex D and Toga, Arthur W and
		  Thompson, Paul M},
  journal	= {Human Brain Mapping},
  number	= {3},
  pages		= {353--64},
  title		= {Brain structure and obesity.},
  volume	= {31},
  year		= {2010}
}

@Article{	  rakic1988,
  author	= {P Rakic},
  title		= {Specification of cerebral cortical areas},
  journal	= {Science},
  year		= 1988,
  volume	= 241,
  number	= 4862,
  pages		= {170-6}
}

@Article{	  rakic1995,
  author	= {Rakic, P},
  journal	= {Trends in Neurosciences},
  month		= {sep},
  number	= {9},
  pages		= {383--8},
  title		= {A small step for the cell, a giant leap for mankind: a
		  hypothesis of neocortical expansion during evolution.},
  volume	= {18},
  year		= {1995}
}

@Article{	  rakic2009,
  author	= {P Rakic and Albert E Ayoub and Joshua J Breunig and Martin
		  H Dominguez},
  title		= {Decision by division: making cortical maps},
  journal	= {Trends in Neurosciences},
  year		= 2009,
  volume	= 32,
  number	= 5,
  pages		= {291-301}
}

@Article{	  rakic2009a,
  author	= {Rakic, Pasko},
  journal	= {Nature Reviews Neuroscience},
  number	= 10,
  pages		= {724-35},
  title		= {Evolution of the neocortex: a perspective from
		  developmental biology.},
  volume	= 10,
  year		= 2009
}

@Article{	  rase2001,
  author	= {Rase, Wolf-Dieter},
  journal	= {Journal of Geographical Systems},
  number	= 2,
  pages		= {199-213},
  title		= {Volume-preserving interpolation of a smooth surface from
		  polygon-related data},
  volume	= 3,
  year		= 2001
}

@Article{	  raznahan2011,
  author	= {Raznahan, Armin and Shaw, Phillip and Lalonde, Francois
		  and Stockman, Mike and Wallace, Gregory L and Greenstein,
		  Dede and Clasen, Liv and Gogtay, Nitin and Giedd, Jay N},
  journal	= {Journal of Neuroscience},
  number	= {19},
  pages		= {7174--7},
  title		= {How does your cortex grow?},
  volume	= {31},
  year		= {2011}
}

@Article{	  rimol2010_bp,
  author	= {L M Rimol and M S Panizzon and C Fennema-Notestine and L T
		  Eyler and B Fischl and C E Franz and D J Hagler and M J
		  Lyons and M C Neale and J Pacheco and M E Perry and J E
		  Schmitt and M D Grant and L J Seidman and H W Thermenos and
		  M T Tsuang and S A Eisen and W S Kremen and A M Dale},
  title		= {Cortical thickness is influenced by regionally specific
		  genetic factors},
  journal	= {Biological Psychiatry},
  year		= 2010,
  volume	= 67,
  number	= 5,
  pages		= {493-9}
}

@Article{	  rimol2010_pnas,
  author	= {L M Rimol and I Agartz and S Djurovic and A A Brown and J
		  C Roddey and A K K\"{a}hler and M Mattingsdal and L
		  Athanasiu and A H Joyner and N J Schork and E Halgren and K
		  Sundet and I Melle and A M Dale and O A Andreassen and
		  {Alzheimer's Disease Neuroimaging Initiative}},
  title		= {Sex-dependent association of common variants of
		  microcephaly genes with brain structure},
  journal	= {Proceedings of the National Academy of Sciences of U. S.
		  A.},
  year		= 2010,
  volume	= 107,
  number	= 1,
  pages		= {384-8}
}

@Article{	  rimol2012,
  author	= {Rimol, Lars M and Nesv\aa g, Ragnar and Hagler, Don J and
		  Bergmann, Orjan and Fennema-Notestine, Christine and
		  Hartberg, Cecilie B and Haukvik, Unn K and Lange, Elisabeth
		  and Pung, Chris J and Server, Andres and Melle, Ingrid and
		  Andreassen, Ole A. and Agartz, Ingrid and Dale, Anders M},
  journal	= {Biological Psychiatry},
  number	= {6},
  pages		= {552--60},
  title		= {Cortical volume, surface area, and thickness in
		  schizophrenia and bipolar disorder.},
  volume	= {71},
  year		= {2012}
}

@Article{	  rimol2016,
  author	= {Rimol, Lars M. and Bjuland, Knut J. and L{\o}haugen, Gro C
		  C and Martinussen, Marit and Evensen, Kari Anne I and
		  Indredavik, Marit S. and Brubakk, Ann-Mari and Eikenes,
		  Live and H{\aa}berg, Asta K. and Skranes, Jon},
  journal	= {Cortex},
  pages		= {120--31},
  title		= {Cortical trajectories during adolescence in preterm born
		  teenagers with very low birthweight.},
  volume	= {75},
  year		= {2016}
}

@Article{	  robert1976,
  author	= {Robert, P. and Escoufier, Y.},
  journal	= {Applied Statistics},
  number	= {3},
  pages		= {257--265},
  title		= {A Unifying Tool for Linear Multivariate Statistical
		  Methods: The {RV}-Coefficient},
  volume	= {25},
  year		= {1976}
}

@Article{	  robinson2014,
  author	= {Robinson, Emma C and Jbabdi, Saad and Glasser, Matthew F
		  and Andersson, Jesper and Burgess, Gregory C and Harms,
		  Michael P and Smith, Stephen M and {Van Essen}, David C and
		  Jenkinson, Mark},
  journal	= {NeuroImage},
  pages		= {414--26},
  title		= {{MSM}: A new flexible framework for {M}ultimodal {S}urface
		  {M}atching.},
  volume	= {100},
  year		= {2014}
}

@Article{	  roland1998,
  author	= {P E Roland and K Zilles},
  title		= {Structural divisions and functional fields in the human
		  cerebral cortex},
  journal	= {Brain Research Reviews},
  year		= 1998,
  volume	= 26,
  number	= {2--3},
  pages		= {87-105}
}

@Article{	  roy1953,
  author	= {Roy, S. N.},
  journal	= {The Annals of Mathematical Statistics},
  month		= jun,
  number	= {2},
  pages		= {220--238},
  title		= {On a Heuristic Method of Test Construction and its use in
		  Multivariate Analysis},
  volume	= {24},
  year		= {1953}
}

@Article{	  royston1993,
  author	= {Royston, Patrick},
  journal	= {The Statistician},
  number	= 1,
  pages		= 37,
  title		= {A Toolkit for Testing for Non-Normality in Complete and
		  Censored Samples},
  volume	= 42,
  year		= 1993
}

@Article{	  rubinov2010,
  author	= {Rubinov, Mikail and Sporns, Olaf},
  journal	= {NeuroImage},
  number	= 3,
  pages		= {1059-69},
  title		= {Complex network measures of brain connectivity: Uses and
		  interpretations.},
  volume	= 52,
  year		= 2010
}

@Article{	  ruxton2013,
  author	= {Ruxton, Graeme D. and Neuh\"{a}user, Markus},
  journal	= {Methods in Ecology and Evolution},
  number	= {11},
  pages		= {1033--1036},
  title		= {Improving the reporting of P-values generated by
		  randomization methods},
  volume	= {4},
  year		= {2013}
}

@Article{	  saad2004,
  author	= {Saad, Ziad S and Reynolds, Richard C and Argall, Brenna
		  and Japee, Shruti and Cox, Robert W},
  journal	= {IEEE International Symposium on Biomedical Imaging},
  pages		= {1510--1513},
  title		= {{SUMA:} {An} interface for surface-based intra- and
		  inter-subject analysis with {AFNI}},
  year		= 2004
}

@Article{	  sabuncu2010,
  author	= {Sabuncu, Mert R and Singer, Benjamin D and Conroy, Bryan
		  and Bryan, Ronald E and Ramadge, Peter J and Haxby, James
		  V},
  journal	= {Cerebral Cortex},
  number	= 1,
  pages		= {130-40},
  title		= {Function-based intersubject alignment of human cortical
		  anatomy},
  volume	= 20,
  year		= 2010
}

@Article{	  sakia1992,
  author	= {Sakia, R. M.},
  journal	= {The Statistician},
  number	= 2,
  pages		= 169,
  title		= {The Box-Cox Transformation Technique: A Review},
  volume	= 41,
  year		= 1992
}

@Article{	  salimi-khorshidi2011,
  author	= {Salimi--Khorshidi, Gholamreza and Smith, Stephen M and
		  Nichols, Thomas E},
  journal	= {NeuroImage},
  number	= {3},
  pages		= {2006--2019},
  title		= {Adjusting the effect of nonstationarity in cluster-based
		  and {TFCE} inference.},
  volume	= {54},
  year		= {2011}
}

@Article{	  salmond2002,
  author	= {Salmond, C.H. and Ashburner, J. and Vargha-Khadem, F. and
		  Connelly, A. and Gadian, D.G. and Friston, K.J.},
  journal	= {NeuroImage},
  number	= {2},
  pages		= {1027--1030},
  title		= {Distributional Assumptions in Voxel-Based Morphometry},
  volume	= {17},
  year		= {2002}
}

@Article{	  sanabriadiaz2010,
  author	= {G Sanabria-Diaz and L Melie-Garc\'{i}a and Y
		  Iturria-Medina and Y Alem\'{a}n-G\'{o}mez and G
		  Hern\'{a}ndez-Gonz\'{a}lez and L Vald\'{e}s-Urrutia and L
		  Gal\'{a}n and P Vald\'{e}s-Sosa},
  title		= {Surface area and cortical thickness descriptors reveal
		  different attributes of the structural human brain
		  networks},
  journal	= {NeuroImage},
  year		= 2010,
  volume	= 50,
  number	= 4,
  pages		= {1497-510}
}

@Article{	  sandve2011,
  author	= {Sandve, Geir Kjetil and Ferkingstad, Egil and Nyg\aa{}rd,
		  St\aa{}le},
  journal	= {Bioinformatics},
  number	= {23},
  pages		= {3235--3241},
  title		= {Sequential {M}onte {C}arlo multiple testing},
  volume	= {27},
  year		= {2011}
}

@Article{	  schaer2008,
  author	= {Schaer, Marie and Cuadra, Meritxell Bach and Tamarit,
		  Lucas and Lazeyras, Fran{\c{c}}ois and Eliez, Stephan and
		  Thiran, Jean-Philippe},
  journal	= {IEEE Transactions on Medical Imaging},
  number	= {2},
  pages		= {161--70},
  title		= {A surface-based approach to quantify local cortical
		  gyrification.},
  volume	= {27},
  year		= {2008}
}

@Article{	  scheffe1943,
  author	= {Scheff\'{e}, H},
  journal	= {The Annals of Mathematical Statistics},
  number	= 4,
  pages		= {305-332},
  title		= {Statistical inference in the non-parametric case},
  volume	= 14,
  year		= 1943
}

@Book{		  scheffe1959,
  author	= {Scheff\'{e}, H},
  title		= {The Analysis of Variance},
  address	= {New York},
  publisher	= {John Wiley and Sons},
  year		= 1959
}

@Article{	  schmitt2008,
  author	= {Schmitt, J E and Lenroot, R K and Wallace, G L and Ordaz,
		  S and Taylor, K N and Kabani, Noor J and Greenstein, D and
		  Lerch, J P and Kendler, K S and Neale, M C and Giedd, J N},
  journal	= {Cerebral Cortex},
  number	= {8},
  pages		= {1737--47},
  title		= {Identification of genetically mediated cortical networks:
		  a multivariate study of pediatric twins and siblings.},
  volume	= {18},
  year		= {2008}
}

@Article{	  schnack2015,
  author	= {Schnack, Hugo G. and {Van Haren}, Neeltje E M and Brouwer,
		  Rachel M. and Evans, Alan and Durston, Sarah and Boomsma,
		  Dorret I. and Kahn, Ren?? S. and {Hulshoff Pol}, Hilleke
		  E.},
  journal	= {Cerebral Cortex},
  number	= {6},
  pages		= {1608--1617},
  title		= {Changes in thickness and surface area of the human cortex
		  and their relationship with intelligence},
  volume	= {25},
  year		= {2015}
}

@Article{	  schoenemann2005,
  author	= {Schoenemann, P Thomas and Sheehan, Michael J and Glotzer,
		  L Daniel},
  journal	= {Nature Neuroscience},
  number	= {2},
  pages		= {242--52},
  title		= {Prefrontal white matter volume is disproportionately
		  larger in humans than in other primates.},
  volume	= {8},
  year		= {2005}
}

@Article{	  schormann1998,
  author	= {T Schormann and K Zilles},
  title		= {Three-dimensional linear and nonlinear transformations: an
		  integration of light microscopical and {MRI} data},
  journal	= {Human Brain Mapping},
  year		= {1998},
  volume	= {6},
  number	= {5-6},
  pages		= {339-47}
}

@Article{	  schwarzkopf2011,
  author	= {D S Schwarzkopf and C Song and G Rees},
  title		= {The surface area of human {V1} predicts the subjective
		  experience of object size},
  journal	= {Nature Neuroscience},
  year		= 2011,
  volume	= 14,
  number	= 1,
  pages		= {28-30}
}

@Article{	  scott2009,
  author	= {M L J Scott and P A Bromiley and N A Thacker and C E
		  Hutchinson and A Jackson},
  title		= {A fast, model-independent method for cerebral cortical
		  thickness estimation using {MRI}},
  journal	= {Medical Image Analysis},
  year		= 2009,
  volume	= 13,
  pages		= {269-85}
}

@Book{		  searle1971,
  author	= {S. R. Searle},
  title		= {Linear Models},
  address	= {New York},
  publisher	= {John Wiley and Sons},
  year		= 1971
}

@Article{	  segonne2004,
  author	= {S\'{e}gonne, F and Dale, A M and Busa, E and Glessner, M
		  and Salat, D and Hahn, H K and Fischl, B},
  journal	= {NeuroImage},
  number	= 3,
  pages		= {1060-75},
  title		= {A hybrid approach to the skull stripping problem in
		  {MRI}.},
  volume	= 22,
  year		= 2004
}

@Article{	  segonne2007,
  author	= {S\'{e}gonne, Florent and Pacheco, Jenni and Fischl, Bruce},
  journal	= {IEEE Transactions on Medical Imaging},
  number	= {4},
  pages		= {518-29},
  title		= {Geometrically accurate topology-correction of cortical
		  surfaces using nonseparating loops.},
  volume	= 26,
  year		= 2007
}

@Article{	  sejones2000,
  author	= {S E Jones and B R Buchbinder and I Aharon},
  title		= {Three-dimensional mapping of cortical thickness using
		  {L}aplace's equation},
  journal	= {Human Brain Mapping},
  year		= 2000,
  volume	= 11,
  number	= 1,
  pages		= {12-32}
}

@Article{	  self1987,
  author	= {Steven G Self and Kung-Yee Liang},
  title		= {Asymptotic properties of maximum likelihood estimators and
		  likelihood ratio tests under nonstandard conditions},
  journal	= {Journal of the American Statistical Association},
  year		= 1987,
  volume	= 82,
  pages		= {605-10}
}

@Article{	  sereno2012,
  author	= {Sereno, Martin I and Lutti, Antoine and Weiskopf, Nikolaus
		  and Dick, Frederic},
  journal	= {Cerebral Cortex},
  number	= {9},
  pages		= {2261--8},
  title		= {Mapping the human cortical surface by combining
		  quantitative {T1} with retinotopy.},
  volume	= {23},
  year		= {2013}
}

@InProceedings{	  shamos1976,
  author	= {Michael Ian Shamos and Dan Hoey},
  title		= {Geometric intersection problems},
  booktitle	= {17th Annual Symposium on Foundations of Computer Science
		  ({FOCS})},
  pages		= {208-15},
  year		= 1976
}

@Article{	  shapiro1965,
  author	= {Shapiro, S. S. and Wilk, M. B.},
  journal	= {Biometrika},
  number	= {3-4},
  pages		= {591-611},
  title		= {An analysis of variance test for normality (complete
		  samples)},
  volume	= 52,
  year		= 1965
}

@Article{	  shepard1968,
  author	= {Shepard, Donald},
  journal	= {Proceedings of the 23rd National Conference of the {ACM}},
  pages		= {517-524},
  title		= {A two-dimensional interpolation function for
		  irregularly-spaced data},
  year		= 1968
}

@InProceedings{	  sibson1981,
  author	= {R Sibson},
  title		= {A brief description of natural neighbour interpolation},
  booktitle	= {Interpreting multivariate data},
  pages		= {21-36},
  year		= {1981},
  editor	= {Vic Barnett},
  publisher	= {John Wiley \& Sons},
  address	= {New York}
}

@Article{	  silventoinen2009,
  author	= {Silventoinen, Karri and Kaprio, Jaakko},
  journal	= {Obesity Facts},
  number	= {3},
  pages		= {196--202},
  title		= {Genetics of tracking of body mass index from birth to late
		  middle age: evidence from twin and family studies.},
  volume	= {2},
  year		= {2009}
}

@Article{	  silventoinen2012,
  author	= {Silventoinen, Karri and Sammalisto, Sampo and Perola,
		  Markus and Boomsma, Dorret I. and Cornes, Belinda K. and
		  Davis, Chayna and Dunkel, Leo and de Lange, Marlies and
		  Harris, Jennifer R. and Hjelmborg, Jacob V.B. and Luciano,
		  Michelle and Martin, Nicholas G. and Mortensen, Jakob and
		  Nistic\`{o}, Lorenza and Pedersen, Nancy L. and Skytthe,
		  Axel and Spector, Tim D. and Stazi, Maria Antonietta and
		  Willemsen, Gonneke and Kaprio, Jaakko},
  journal	= {Twin Research},
  number	= {05},
  pages		= {399--408},
  title		= {Heritability of Adult Body Height: A Comparative Study of
		  Twin Cohorts in Eight Countries},
  volume	= {6},
  year		= {2012}
}

@Article{	  skranes2007,
  author	= {Skranes, J. and Vangberg, T. R. and Kulseng, S. and
		  Indredavik, M. S. and Evensen, K. A I and Martinussen, M.
		  and Dale, A. M. and Haraldseth, O. and Brubakk, A. M.},
  journal	= {Brain},
  number	= {3},
  pages		= {654--666},
  title		= {Clinical findings and white matter abnormalities seen on
		  diffusion tensor imaging in adolescents with very low birth
		  weight},
  volume	= {130},
  year		= {2007}
}

@Article{	  skranes2013,
  author	= {Skranes, Jon and L{\o}haugen, Gro C C and Martinussen,
		  Marit and H{\aa}berg, Asta and Brubakk, Ann Mari and Dale,
		  Anders M.},
  journal	= {Cortex},
  number	= {8},
  pages		= {2264--2271},
  pmid		= {23845237},
  title		= {Cortical surface area and {IQ} in very-low-birth-weight
		  ({VLBW}) young adults},
  volume	= {49},
  year		= {2013}
}

@Article{	  smith2004,
  author	= {Smith, Stephen M and Jenkinson, Mark and Woolrich, Mark W
		  and Beckmann, Christian F and Behrens, Timothy E J and
		  Johansen-Berg, Heidi and Bannister, Peter R and {De Luca},
		  Marilena and Drobnjak, Ivana and Flitney, David E and
		  Niazy, Rami K and Saunders, James and Vickers, John and
		  Zhang, Yongyue and {De Stefano}, Nicola and Brady, J
		  Michael and Matthews, Paul M},
  journal	= {NeuroImage},
  number	= {Suppl. 1},
  pages		= {208--219},
  title		= {Advances in functional and structural {MR} image analysis
		  and implementation as {FSL}},
  volume	= {23},
  year		= {2004}
}

@Article{	  smith2007,
  author	= {Smith, Stephen and Jenkinson, Mark and Beckmann, Christian
		  and Miller, Karla and Woolrich, Mark},
  journal	= {NeuroImage},
  number	= 1,
  pages		= {127-36},
  title		= {Meaningful design and contrast estimability in {FMRI}.},
  volume	= 34,
  year		= 2007
}

@Article{	  smith2009,
  author	= {Smith, Stephen M and Nichols, Thomas E},
  journal	= {NeuroImage},
  number	= 1,
  pages		= {83-98},
  title		= {Threshold-free cluster enhancement: {A}ddressing problems
		  of smoothing, threshold dependence and localisation in
		  cluster inference},
  volume	= 44,
  year		= 2009
}

@Article{	  smith2015,
  author	= {Smith, Stephen M and Nichols, Thomas E and Vidaurre, Diego
		  and Winkler, Anderson M and Behrens, Timothy E J and
		  Glasser, Matthew F and Ugurbil, Kamil and Barch, Deanna M
		  and {Van Essen}, David C and Miller, Karla L},
  journal	= {Nature Neuroscience},
  number	= {11},
  pages		= {1565--1567},
  title		= {A positive-negative mode of population covariation links
		  brain connectivity, demographics and behavior},
  volume	= {18},
  year		= {2015}
}

@Article{	  smucny2012,
  author	= {Smucny, Jason and Cornier, Marc-Andre and Eichman, Lindsay
		  C and Thomas, Elizabeth A and Bechtell, Jamie L and
		  Tregellas, Jason R},
  journal	= {Appetite},
  number	= {3},
  pages		= {859--65},
  title		= {Brain structure predicts risk for obesity.},
  volume	= {59},
  year		= {2012}
}

@Manual{	  snyder1987,
  title		= {Map Projections: A Working Manual - U.S. Geological Survey
		  Professional Paper 1395},
  author	= {J P Snyder},
  organization	= {United States Government Printing Office},
  address	= {Washington, DC, USA},
  year		= 1987
}

@Article{	  solomon1978,
  author	= {Solomon, H and Stephens, Ma},
  journal	= {Journal of the American Statistical Association},
  number	= {361},
  pages		= {153--160},
  title		= {Approximations to density functions using Pearson curves},
  volume	= {73},
  year		= {1978}
}

@Article{	  solsnes2015,
  author	= {S{\o}lsnes, Anne Elisabeth and Grunewaldt, Kristine H. and
		  Bjuland, Knut J. and Stavnes, Elisabeth M. and Bastholm,
		  Ir{\'{e}}n a. and Aanes, Synne and {\O}stg{\aa}rd, Heidi F.
		  and H{\aa}berg, Asta and L{\o}haugen, Gro C C and Skranes,
		  Jon and Rimol, Lars M.},
  journal	= {NeuroImage. Clinical},
  pages		= {193--201},
  title		= {Cortical morphometry and {IQ} in {VLBW} children without
		  cerebral palsy born in 2003-2007.},
  volume	= {8},
  year		= {2015}
}

@Article{	  stein2010,
  author	= {Stein, Jason L and Hua, Xue and Lee, Suh and Ho, April J
		  and Leow, Alex D and Toga, Arthur W and Saykin, Andrew J
		  and Shen, Li and Foroud, Tatiana and Pankratz, Nathan and
		  Huentelman, Matthew J and Craig, David W and Gerber, Jill D
		  and Allen, April N and Corneveaux, Jason J and Dechairo,
		  Bryan M and Potkin, Steven G and Weiner, Michael W and
		  Thompson, Paul M},
  journal	= {NeuroImage},
  number	= 3,
  pages		= {1160-1174},
  title		= {Voxelwise genome-wide association study ({vGWAS}).},
  volume	= 53,
  year		= 2010
}

@Article{	  still1981,
  author	= {Still, A. W. and White, A. P.},
  journal	= {British Journal of Mathematical and Statistical
		  Psychology},
  number	= 2,
  pages		= {243-252},
  title		= {The approximate randomization test as an alternative to
		  the {F} test in analysis of variance},
  volume	= 34,
  year		= 1981
}

@Book{		  stouffer1949,
  author	= {Samuel A. Stouffer and Edward A. Suchman and Leland C.
		  DeVinney and Shirley A. Star and Robin M. Williams Jr.},
  title		= {The American Soldier: Adjustment During Army Life (Volume
		  1)},
  address	= {Princeton, New Jersey, {USA}},
  publisher	= {Princeton University Press},
  year		= 1949
}

@Article{	  suckling2004,
  author	= {Suckling, John and Bullmore, Ed},
  journal	= {Human Brain Mapping},
  number	= 3,
  pages		= {193-205},
  title		= {Permutation tests for factorially designed neuroimaging
		  experiments.},
  volume	= 22,
  year		= 2004
}

@Article{	  sun2009_mp,
  author	= {Sun, D and Stuart, G W and Jenkinson, M and Wood, S J and
		  McGorry, P D and Velakoulis, D and van Erp, T G M and
		  Thompson, P M and Toga, a W and Smith, D J and Cannon, T D
		  and Pantelis, C},
  journal	= {Molecular Psychiatry},
  number	= 10,
  pages		= {976-86},
  title		= {Brain surface contraction mapped in first-episode
		  schizophrenia: a longitudinal magnetic resonance imaging
		  study},
  volume	= 14,
  year		= 2009
}

@Article{	  sun2009_sr,
  author	= {Sun, Daqiang and Phillips, Lisa and Velakoulis, Dennis and
		  Yung, Alison and McGorry, Patrick D and Wood, Stephen J and
		  van Erp, Theo G M and Thompson, Paul M and Toga, Arthur W
		  and Cannon, Tyrone D and Pantelis, Christos},
  journal	= {Schizophrenia Research},
  number	= {1-3},
  pages		= {85-92},
  title		= {Progressive brain structural changes mapped as psychosis
		  develops in 'at risk' individuals},
  volume	= 108,
  year		= 2009
}

@Book{		  talairach1988,
  author	= {J Talairach and P Tournoux},
  title		= {Co-Planar Stereotaxic Atlas of the Human Brain: 3-D
		  Proportional System: An Approach to Cerebral Imaging},
  address	= {Stuttgart, Germany},
  publisher	= {Thieme},
  year		= 1988
}

@InCollection{	  terbraak1992,
  address	= {Berlin},
  author	= {ter Braak, C J F},
  booktitle	= {Bootstrapping and related techniques},
  editor	= {J\"{o}ckel, K.-H. and Rothe, G. and Sendler, W.},
  number	= 1989,
  pages		= {79-86},
  publisher	= {Springer-Verlag},
  title		= {Permutation versus bootstrap significance tests in
		  multiple regression and {ANOVA}},
  year		= 1992
}

@Article{	  thirion1998,
  author	= {J P Thirion},
  title		= {Image matching as a diffusion process: an analogy with
		  {M}axwell's demons},
  journal	= {Medical Image Analysis},
  year		= 1998,
  volume	= 2,
  number	= 3,
  pages		= {243-60}
}

@InProceedings{	  thompson1999,
  author	= {P M Thompson and A W Toga},
  title		= {Anatomically driven strategies for high-dimensional brain
		  image warping and pathology detection},
  booktitle	= {Brain Warping},
  pages		= {311-36},
  year		= {1999},
  editor	= {A W Toga},
  publisher	= {Academic Press}
}

@Article{	  thompson2002,
  author	= {P M Thompson and A W Toga},
  title		= {A framework for computational anatomy},
  journal	= {Computing and Visualization in Science},
  year		= 2002,
  volume	= 5,
  pages		= {13-34}
}

@Article{	  tibshirani1988,
  author	= {Tibshirani, Robert},
  journal	= {Journal of the American Statistical Association},
  number	= 402,
  pages		= 394,
  title		= {Estimating Transformations for Regression Via Additivity
		  and Variance Stabilization},
  volume	= 83,
  year		= 1988
}

@Article{	  tobler1979,
  author	= {W R Tobler},
  title		= {Smooth pycnophylactic interpolation for geographical
		  regions},
  journal	= {Journal of the American Statistical Association},
  year		= 1979,
  volume	= 74,
  number	= 367,
  pages		= {519-30}
}

@Article{	  toro2008,
  author	= {Toro, Roberto and Perron, Michel and Pike, Bruce and
		  Richer, Louis and Veillette, Suzanne and Pausova, Zdenka
		  and Paus, Tom{\'{a}}s},
  journal	= {Cerebral Cortex},
  number	= {10},
  pages		= {2352--7},
  title		= {Brain size and folding of the human cerebral cortex.},
  volume	= {18},
  year		= {2008}
}

@Article{	  toro2013,
  author	= {Toro, R. and Poline, J-B J.-B. and Huguet, G. and Loth, E.
		  and Frouin, V. and Banaschewski, T. and Barker, G. J. and
		  Bokde, a. and Buchel, C. and Carvalho, F. M and Conrod, P.
		  and Fauth-Buhler, M. and Flor, H. and Gallinat, J. and
		  Garavan, H. and Gowloan, P. and Heinz, a. and Ittermann, B.
		  and Lawrence, C. and Lemaitre, H. and Mann, K. and Nees, F.
		  and Paus, T. and Pausova, Z. and Rietschel, M. and Robbins,
		  T. and Smolka, M. N and Strohle, a. and Schumann, G. and
		  Bourgeron, T. and B{\"{u}}chel, C and Carvalho, F. M and
		  Conrod, P. and Fauth-B{\"{u}}hler, M and Flor, H. and
		  Gallinat, J. and Garavan, H. and Gowland, P and Heinz, a.
		  and Ittermann, B. and Lawrence, C. and Lema{\^{i}}tre, H
		  and Mann, K. and Nees, F. and Paus, T. and Pausova, Z. and
		  Rietschel, M. and Robbins, T. and Smolka, M. N and
		  Str{\"{o}}hle, a and Schumann, G. and Bourgeron, T.},
  journal	= {Molecular Psychiatry},
  number	= {8},
  pages		= {1011--6},
  title		= {Genomic architecture of human neuroanatomical diversity},
  volume	= {20},
  year		= {2013}
}

@Article{	  troyanskaya2001,
  author	= {Troyanskaya, O and Cantor, M and Sherlock, G and Brown, P
		  and Hastie, T and Tibshirani, R and Botstein, D and Altman,
		  R B},
  journal	= {Bioinformatics},
  number	= {6},
  pages		= {520--525},
  title		= {Missing value estimation methods for {DNA} microarrays.},
  volume	= {17},
  year		= {2001}
}

@Article{	  ullrich2009,
  author	= {Paul A Ullrich and Peter H Lauritzen and Christiane
		  Jablonowski},
  title		= {Geometrically Exact Conservative Remapping ({GECoRe}):
		  Regular Latitude-Longitude and Cubed-Sphere Grids },
  journal	= {Monthly Weather Reviews},
  year		= 2009,
  volume	= 137,
  number	= 6,
  pages		= {1721-41}
}

@Article{	  vandenhoff2005,
  author	= {van den Hoff, J},
  journal	= {Amino acids},
  number	= {4},
  pages		= {341--53},
  title		= {Principles of quantitative positron emission tomography.},
  volume	= {29},
  year		= {2005}
}

@Article{	  vanessen1997,
  author	= {David C van Essen and Heather A Drury},
  title		= {Structural and functional analyses of human cerebral
		  cortex using a surface-based atlas},
  journal	= {Journal of Neuroscience},
  year		= 1997,
  volume	= 17,
  number	= 18,
  pages		= {7079-102}
}

@Article{	  vanessen2001,
  author	= {D C van Essen and H A Drury and J Dickson and J Harwell
		  and D Hanlon and C H Anderson},
  title		= {An integrated software suite for surface-based analyses of
		  cerebral cortex},
  journal	= {Journal of American Medical Informatics Association},
  year		= 2001,
  volume	= 8,
  number	= 5,
  pages		= {443-59}
}

@Article{	  vanessen2005,
  author	= {David C van Essen},
  title		= {A {P}opulation-{A}verage, {L}andmark- and {S}urface-based
		  ({PALS}) atlas of human cerebral cortex},
  journal	= {NeuroImage},
  year		= 2005,
  volume	= 28,
  number	= 3,
  pages		= {635-62}
}

@Article{	  vanessen2012,
  author	= {{Van Essen}, D C and Ugurbil, K and Auerbach, E and Barch,
		  D and Behrens, T E J and Bucholz, R and Chang, a and Chen,
		  L and Corbetta, M and Curtiss, S W and {Della Penna}, S and
		  Feinberg, D and Glasser, M F and Harel, N and Heath, A C
		  and Larson-Prior, L and Marcus, D and Michalareas, G and
		  Moeller, S and Oostenveld, R and Petersen, S E and Prior, F
		  and Schlaggar, B L and Smith, S M and Snyder, A Z and Xu, J
		  and Yacoub, E},
  journal	= {NeuroImage},
  month		= oct,
  number	= {4},
  pages		= {2222--31},
  title		= {{T}he {H}uman {C}onnectome {P}roject: a data acquisition
		  perspective.},
  volume	= {62},
  year		= {2012}
}

@Article{	  vanessen2013,
  author	= {{Van Essen}, David C and Smith, Stephen M and Barch,
		  Deanna M and Behrens, Timothy E J and Yacoub, Essa and
		  Ugurbil, Kamil},
  journal	= {NeuroImage},
  pages		= {62--79},
  title		= {The {WU-Minn} {H}uman {C}onnectome {P}roject: an
		  overview.},
  volume	= {80},
  year		= {2013}
}

@Article{	  vercauteren2009,
  author	= {T Vercauteren and X Pennec and A Perchant and N Ayache},
  title		= {Diffeomorphic demons: efficient non-parametric image
		  registration},
  journal	= {NeuroImage},
  year		= 2009,
  volume	= 45,
  number	= {1 Suppl},
  pages		= {S61-72}
}

@Book{		  vince2005,
  author	= {J Vince},
  title		= {Mathematics for Computer Graphics},
  address	= {London, UK},
  publisher	= {Springer},
  year		= 2005
}

@Article{	  visscher2006,
  author	= {Visscher, Peter M. and Medland, Sarah E and Ferreira,
		  Manuel a R and Morley, Katherine I and Zhu, Gu and Cornes,
		  Belinda K and Montgomery, Grant W and Martin, Nicholas G},
  journal	= {PLoS genetics},
  number	= {3},
  pages		= {e41},
  title		= {Assumption-free estimation of heritability from
		  genome-wide identity-by-descent sharing between full
		  siblings.},
  volume	= {2},
  year		= {2006}
}

@Article{	  viviani2007,
  author	= {Viviani, Roberto and Beschoner, Petra and Ehrhard, Katja
		  and Schmitz, Bernd and Th\"{o}ne, Jan},
  journal	= {NeuroImage},
  number	= {1},
  pages		= {121--30},
  title		= {Non-normality and transformations of random fields, with
		  an application to voxel-based morphometry.},
  volume	= {35},
  year		= {2007}
}

@Article{	  voets2008,
  author	= {Voets, Natalie L and Hough, Morgan G and Douaud, Gwenaelle
		  and Matthews, Paul M and James, Anthony and Winmill, Louise
		  and Webster, Paula and Smith, Stephen},
  journal	= {NeuroImage},
  number	= 4,
  pages		= {665-75},
  title		= {Evidence for abnormalities of cortical development in
		  adolescent-onset schizophrenia.},
  volume	= 43,
  year		= 2008
}

@Article{	  volpe2009,
  author	= {Volpe, Joseph J.},
  journal	= {Lancet Neurol},
  number	= {1},
  pages		= {110--124},
  title		= {Brain injury in premature infants: a complex amalgam of
		  destructive and developmental disturbances},
  volume	= {8},
  year		= {2009}
}

@Article{	  volpe2011,
  author	= {Volpe, Joseph J.},
  journal	= {Annals of Neurology},
  number	= {4},
  pages		= {525--529},
  title		= {Systemic inflammation, oligodendroglial maturation, and
		  the encephalopathy of prematurity},
  volume	= {70},
  year		= {2011}
}

@Article{	  vuoksimaa2014,
  author	= {Vuoksimaa, Eero and Panizzon, Matthew S. and Chen, Chi-Hua
		  and Fiecas, Mark and Eyler, Lisa T. and Fennema-Notestine,
		  Christine and Hagler, Donald J. and Fischl, Bruce and
		  Franz, Carol E. and Jak, Amy and Lyons, Michael J. and
		  Neale, Michael C. and Rinker, Daniel a. and Thompson,
		  Wesley K. and Tsuang, Ming T. and Dale, Anders M. and
		  Kremen, William S.},
  journal	= {Cerebral Cortex},
  number	= {8},
  pages		= {2127--37},
  title		= {The Genetic Association Between Neocortical Volume and
		  General Cognitive Ability Is Driven by Global Surface Area
		  Rather Than Thickness.},
  volume	= {25},
  year		= {2015}
}

@Article{	  vuoksimaa2016,
  author	= {Vuoksimaa, Eero and Panizzon, Matthew S. and Chen, Chi-Hua
		  and Fiecas, Mark and Eyler, Lisa T. and Fennema-Notestine,
		  Christine and Hagler, Donald J. and Franz, Carol E. and
		  Jak, Amy J. and Lyons, Michael J. and Neale, Michael C. and
		  Rinker, Daniel A. and Thompson, Wesley K. and Tsuang, Ming
		  T. and Dale, Anders M. and Kremen, William S.},
  journal	= {NeuroImage},
  pages		= {356--366},
  title		= {Is bigger always better? The importance of cortical
		  configuration with respect to cognitive ability},
  volume	= {129},
  year		= {2016}
}

@Article{	  wald1945,
  author	= {Wald, A.},
  journal	= {The Annals of Mathematical Statistics},
  number	= {2},
  pages		= {117--186},
  title		= {Sequential Tests of Statistical Hypotheses},
  volume	= {16},
  year		= {1945}
}

@Article{	  waldrop2016,
  author	= {Waldrop, M. Mitchell},
  journal	= {Nature},
  month		= {feb},
  number	= {7589},
  pages		= {144--147},
  title		= {The chips are down for {M}oore's law},
  volume	= {530},
  year		= {2016}
}

@Article{	  walley2006,
  author	= {Walley, Andrew J and Blakemore, Alexandra I F and Froguel,
		  Philippe},
  journal	= {Human Molecular Genetics},
  number	= {2},
  pages		= {R124--30},
  title		= {Genetics of obesity and the prediction of risk for
		  health.},
  volume	= {15 Spec No 2},
  year		= {2006}
}

@Book{		  westfall1993,
  author	= {Peter H Westfall and S Stanley Young},
  title		= {Resampling-Based Multiple Testing},
  address	= {New York},
  publisher	= {John Wiley and Sons},
  year		= 1993
}

@Article{	  westfall2008,
  author	= {Westfall, Peter H and Troendle, James F},
  journal	= {Biometrical Journal},
  number	= {5},
  pages		= {745--55},
  title		= {Multiple testing with minimal assumptions.},
  volume	= {50},
  year		= {2008}
}

@Article{	  wilcoxon1945,
  author	= {Wilcoxon, Frank},
  journal	= {Biometrics Bulletin},
  number	= {6},
  pages		= {80},
  title		= {Individual Comparisons by Ranking Methods},
  volume	= {1},
  year		= {1945}
}

@Article{	  wilcoxon1947,
  author	= {Wilcoxon, Frank},
  journal	= {Biometrics},
  number	= {3},
  pages		= {119},
  title		= {Probability Tables for Individual Comparisons by Ranking
		  Methods},
  volume	= {3},
  year		= {1947}
}

@Article{	  wilks1932,
  author	= {Wilks, S S},
  journal	= {Biometrika},
  number	= {3},
  pages		= {471--494},
  title		= {Certain Generalizations in the Analysis of Variance},
  volume	= {24},
  year		= {1932}
}

@Article{	  wilson1927,
  author	= {Wilson, E B},
  journal	= {Journal of the American Statistical Association},
  number	= 158,
  pages		= {209-212},
  title		= {Probable inference, the law of succession, and statistical
		  inference},
  volume	= 22,
  year		= 1927
}

@Article{	  winkler2010,
  author	= {Winkler, Anderson M and Kochunov, Peter and Blangero, John
		  and Almasy, Laura and Zilles, Karl and Fox, Peter T and
		  Duggirala, Ravindranath and Glahn, David C.},
  journal	= {NeuroImage},
  number	= {3},
  pages		= {1135--46},
  title		= {Cortical thickness or grey matter volume? {T}he importance
		  of selecting the phenotype for imaging genetics studies.},
  volume	= {53},
  year		= {2010}
}

@Article{	  winkler2012,
  author	= {Winkler, Anderson M and Sabuncu, Mert R and Yeo, B T
		  Thomas and Fischl, Bruce and Greve, Douglas N and Kochunov,
		  Peter and Nichols, Thomas E and Blangero, John and Glahn,
		  David C.},
  journal	= {NeuroImage},
  number	= {4},
  pages		= {1428--1443},
  title		= {Measuring and comparing brain cortical surface area and
		  other areal quantities.},
  volume	= {61},
  year		= {2012}
}

@Article{	  winkler2014,
  author	= {Winkler, Anderson M and Ridgway, Gerard R and Webster,
		  Matthew A and Smith, Stephen M and Nichols, Thomas E},
  journal	= {NeuroImage},
  pages		= {381--97},
  title		= {Permutation inference for the general linear model.},
  volume	= {92},
  year		= {2014}
}

@Article{	  winkler2015,
  author	= {Winkler, Anderson M and Webster, Matthew A and Vidaurre, D
		  and Nichols, Thomas E and Smith, Stephen M},
  journal	= {NeuroImage},
  pages		= {253--68},
  title		= {Multi-level block permutation.},
  volume	= {123},
  year		= {2015}
}

@Article{	  winkler2016_fast,
  author	= {Winkler, Anderson M. and Ridgway, Gerard R. and Douaud,
		  Gwena{\"{e}}lle and Nichols, Thomas E. and Smith, Stephen
		  M.},
  journal	= {NeuroImage},
  pages		= {502--516},
  title		= {Faster permutation inference in brain imaging.},
  volume	= {141},
  year		= {2016}
}

@Article{	  winkler2016_joint,
  author	= {Winkler, Anderson M. and Greve, Douglas N. and Bjuland,
		  Knut J. and Nichols, Thomas E. and Sabuncu, Mert R. and
		  H{\aa}berg, Asta K. and Skranes, Jon and Rimol, Lars M.},
  title		= {Joint analysis of area and thickness of the cerebral
		  cortex replaces cortical volume measurements},
  year		= {2016},
  doi		= {10.1101/074666},
  publisher	= {Cold Spring Harbor Labs Journals},
  journal	= {bioRxiv}
}

@Article{	  winkler2016_npc,
  author	= {Winkler, Anderson M. and Webster, Matthew A. and Brooks,
		  Jonathan C. and Tracey, Irene and Smith, Stephen M. and
		  Nichols, Thomas E.},
  journal	= {Human Brain Mapping},
  number	= {4},
  pages		= {1486--511},
  title		= {{N}on-{P}arametric {C}ombination and related permutation
		  tests for neuroimaging.},
  volume	= {37},
  year		= {2016}
}

@Article{	  wisco2007,
  author	= {Wisco, Jonathan J and Kuperberg, Gina and Manoach, Dara
		  and Quinn, Brian T and Busa, Evelina and Fischl, Bruce and
		  Heckers, Stephan and Sorensen, A Gregory},
  journal	= {Schizophrenia Research},
  number	= {1-3},
  pages		= {317--27},
  title		= {Abnormal cortical folding patterns within {Broca}'s area
		  in schizophrenia: evidence from structural {MRI}.},
  volume	= 94,
  year		= 2007
}

@Article{	  woolrich2004,
  author	= {Woolrich, Mark W and Behrens, Timothy E J and Beckmann,
		  Christian F and Jenkinson, Mark and Smith, Stephen M},
  journal	= {NeuroImage},
  number	= {4},
  pages		= {1732--47},
  title		= {Multilevel linear modelling for {FMRI} group analysis
		  using {B}ayesian inference.},
  volume	= {21},
  year		= {2004}
}

@Article{	  worsley1996,
  author	= {Worsley, K J and Marrett, S and Neelin, P and Vandal, A C
		  and Friston, K J and Evans, A C},
  journal	= {Human Brain Mapping},
  number	= {1},
  pages		= {58--73},
  title		= {A unified statistical approach for determining significant
		  signals in images of cerebral activation.},
  volume	= {4},
  year		= {1996}
}

@Article{	  worsley1999,
  author	= {Worsley, K J and Andermann, M and Koulis, T and MacDonald,
		  D and Evans, A C},
  journal	= {Human Brain Mapping},
  number	= {2-3},
  pages		= {98-101},
  title		= {Detecting changes in nonisotropic images.},
  volume	= 8,
  year		= 1999
}

@Article{	  wright1995,
  author	= {I C Wright and P K McGuire and J-B Poline and J M Travere
		  and R M Murray and C D Frith and R S J Frackowiak and K J
		  Friston},
  title		= {A voxel-based method for the statical analysis of gray and
		  white matter density applied to schizophrenia},
  journal	= {NeuroImage},
  year		= 1995,
  volume	= 2,
  pages		= {244--52}
}

@Article{	  yeo2010,
  author	= {B T Yeo and M R Sabuncu and T Vercauteren and N Ayache and
		  B Fischl and P Golland},
  title		= {Spherical demons: fast diffeomorphic landmark-free surface
		  registration},
  journal	= {{IEEE} Transactions on Medical Imaging},
  year		= 2010,
  volume	= 29,
  number	= 3,
  pages		= {650-68}
}

@Article{	  yeo2010b,
  author	= {Yeo, B T Thomas and Sabuncu, Mert R and Vercauteren, Tom
		  and Holt, Daphne J and Amunts, Katrin and Zilles, Karl and
		  Golland, Polina and Fischl, Bruce},
  journal	= {{IEEE} Transactions on Medical Imaging},
  number	= 7,
  pages		= {1424-41},
  title		= {Learning task-optimal registration cost functions for
		  localizing cytoarchitecture and function in the cerebral
		  cortex.},
  volume	= 29,
  year		= 2010
}

@Article{	  yiu2000,
  author	= {Paul Yiu},
  title		= {The uses of homogeneous barycentric coordinates in plane
		  {E}uclidean geometry},
  journal	= {International Journal of Mathematical Education in Science
		  and Technology},
  year		= 2000,
  volume	= 31,
  number	= 4,
  pages		= {569-578}
}

@Article{	  zhang2015,
  author	= {Zhang, Haobo and Sachdev, Perminder S. and Wen, Wei and
		  Crawford, John D. and Brodaty, Henry and Baune, Bernard T.
		  and Kochan, Nicole A. and Slavin, Melissa J. and
		  Reppermund, Simone and Kang, Kristan and Trollor, Julian
		  N.},
  journal	= {Neurobiology of Aging},
  pages		= {138--146},
  title		= {The relationship between inflammatory markers and
		  voxel-based gray matter volumes in nondemented older
		  adults},
  volume	= {37},
  year		= {2015}
}

@Article{	  zhang2016,
  author	= {Zhang, Zhiyan and Wang, Yukai and Shen, Zhiwei and Yang,
		  Zhongxian and Li, Li and Chen, Dongxiao and Yan, Gen and
		  Cheng, Xiaofang and Shen, Yuanyu and Tang, Xiangyong and
		  Hu, Wei and Wu, Renhua},
  journal	= {Scientific Reports},
  pages		= {19026},
  title		= {The Neurochemical and Microstructural Changes in the Brain
		  of Systemic Lupus Erythematosus Patients: {A} Multimodal
		  {MRI} Study},
  volume	= {6},
  year		= {2016}
}

@Article{	  zilles2010,
  author	= {K Zilles and K Amunts},
  title		= {Centenary of {B}rodmann's map-conception and fate},
  journal	= {Nature Reviews Neuroscience},
  year		= 2010,
  volume	= 11,
  number	= 2,
  pages		= {139-45}
}
